details,postingDate,description,amount,type,balance,checkOrSlipNum
DEBIT,11/03/2016,"POS DEBIT                RIOTGAM*LOL LN6UBFJRVW    866-373-9211 CA",-5.00,MISC_DEBIT, ,,
DEBIT,11/03/2016,"POS DEBIT                BANGKOK THAI INC          CHAMPAIGN    IL",-8.85,MISC_DEBIT, ,,
DEBIT,11/03/2016,"POS DEBIT                ADY*ACNE                  HTTP://WWW.A NY",-60.00,MISC_DEBIT, ,,
DEBIT,11/03/2016,"POS DEBIT                SQUARE ENIX              EL SEGUNDO    CA",-1.00,MISC_DEBIT, ,,
DEBIT,11/03/2016,"ORIG CO NAME:PAYPAL           CO ENTRY DESCR:INST XFER  SEC:WEB IND ID:SOAPBOX         ORIG ID:PAYPALSI77",-4.99,ACH_DEBIT, ,,
DEBIT,11/01/2016,"CHC*COURSEHERO.COM 888-6349397 CA            10/31",-39.95,DEBIT_CARD,547.73,,
DEBIT,10/31/2016,"JTI*TWITCHTV SUB SRVCS 844-5658623 CA        10/28",-4.99,DEBIT_CARD,587.68,,
DEBIT,10/31/2016,"CDKEYS.COM       IAT PAYPAL 1000114972820   WEB ID: 770510487C",-45.89,ACH_DEBIT,592.67,,
DEBIT,10/31/2016,"Online Transfer to  SAV ...3980 transaction#: 5695738366",-25.00,ACCT_XFER,638.56,,
DEBIT,10/31/2016,"DOMINO'S 2921 636-947-4433 IL                10/31",-17.00,DEBIT_CARD,663.56,,
CREDIT,10/31/2016,"Chase QuickPay Electronic Transfer 5732089324 from GASAN ABDULAEV",500.00,QUICKPAY_CREDIT,680.56,,
CREDIT,10/28/2016,"Online Transfer from SAV ...3980 transaction#: 5759545007",45.00,ACCT_XFER,180.56,,
DEBIT,10/27/2016,"AMERICAN-WATER   UTIL-PMNT  3314317         WEB ID: 0000000160",-34.84,ACH_DEBIT,135.56,,
CREDIT,10/27/2016,"Chase QuickPay Electronic Transfer 5755705975 from WILLIE ZENG",7.08,QUICKPAY_CREDIT,170.40,,
CREDIT,10/27/2016,"Online Transfer from SAV ...3980 transaction#: 5755880324",75.00,ACCT_XFER,163.32,,
DEBIT,10/24/2016,"CDKEYS.COM       IAT PAYPAL 1000091117818   WEB ID: 770510487C",-45.99,ACH_DEBIT,88.32,,
DEBIT,10/24/2016,"BANGKOK THAI INC CHAMPAIGN IL                10/21",-8.85,DEBIT_CARD,134.31,,
DEBIT,10/21/2016,"Speedpay         wuAmerenIL 4362102105      WEB ID: 9212017504",-74.88,ACH_DEBIT,143.16,,
DEBIT,10/20/2016,"GOOGLE *Per Lycke g.co/payhelp# CA           10/19",-0.63,DEBIT_CARD,218.04,,
DEBIT,10/19/2016,"BLIZZARD ENT*WOW SUB BLIZZARD.COM CA         10/18",-15.93,DEBIT_CARD,218.67,,
DEBIT,10/19/2016,"BLIZZARD ENT*ONL STOR 800-592-5499 CA        10/18",-54.30,DEBIT_CARD,234.60,,
DEBIT,10/18/2016,"CDKEYS.COM       IAT PAYPAL 1000079335874   WEB ID: 770510487C",-43.39,ACH_DEBIT,288.90,,
DEBIT,10/18/2016,"BANKIER APTS.    FIRSTECH                   WEB ID: 0383668715",-610.00,ACH_DEBIT,332.29,,
DEBIT,10/18/2016,"VENMO 855-812-4430 NY                        10/17",-2.72,DEBIT_CARD,942.29,,
DEBIT,10/17/2016,"CHIPOTLE 0771 CHAMPAIGN IL                   10/16",-8.21,DEBIT_CARD,945.01,,
DEBIT,10/17/2016,"THE HUB CHAMPAIGN IL                         10/16",-11.36,DEBIT_CARD,953.22,,
DEBIT,10/17/2016,"SQ *THE EMPANADAS HOUSE Champaign IL         10/15",-10.16,DEBIT_CARD,964.58,,
DEBIT,10/17/2016,"BANGKOK THAI INC CHAMPAIGN IL                10/14",-8.85,DEBIT_CARD,974.74,,
DEBIT,10/17/2016,"UNIQLO ECOMMERCE 972-881-2900 NJ             10/16",-206.87,DEBIT_CARD,983.59,,
DEBIT,10/17/2016,"HAVEN 6046966896 BC                          10/13 CA DOLLAR  185.00 X 0.7632432 (EXCHG RTE) + 4.23 (EXCHG RTE ADJ)",-145.43,DEBIT_CARD,1190.46,,
CREDIT,10/17/2016,"VENMO            CASHOUT                    PPD ID: 5264681992",120.00,ACH_CREDIT,1335.89,,
CREDIT,10/17/2016,"Chase QuickPay Electronic Transfer 5699694081 from GASAN ABDULAEV",500.00,QUICKPAY_CREDIT,1215.89,,
DEBIT,10/12/2016,"BLIZZARD ENT*ONL STOR 800-592-5499 CA        10/11",-21.76,DEBIT_CARD,715.89,,
DEBIT,10/11/2016,"SQUARE ENIX 310-8460345 CA                   10/10",-18.00,DEBIT_CARD,737.65,,
DEBIT,10/11/2016,"UNIQLO ECOMMERCE UNIQLO.COM/US NJ            10/10",-93.25,DEBIT_CARD,755.65,,
DEBIT,10/11/2016,"STEAMGAMES.COM42595229 425-9522985 WA        10/10",-24.99,DEBIT_CARD,848.90,,
DEBIT,10/11/2016,"STEAMGAMES.COM42595229 425-9522985 WA        10/07",-14.99,DEBIT_CARD,873.89,,
DEBIT,10/06/2016,"CHIPOTLE 0771 CHAMPAIGN IL                   10/05",-7.12,DEBIT_CARD,888.88,,
DEBIT,10/06/2016,"Square Enix 415-4810402 CA                   10/05",-19.99,DEBIT_CARD,896.00,,
DEBIT,10/05/2016,"ADY*Spotify P00D465E https://www.s NY        10/04",-4.99,DEBIT_CARD,915.99,,
DEBIT,10/04/2016,"PAYPAL           INST XFER  SOAPBOX         WEB ID: PAYPALSI77",-4.99,ACH_DEBIT,920.98,,
DEBIT,10/04/2016,"Chase QuickPay Electronic Transfer 5706527969 to Lukasz Cholewa",-25.00,QUICKPAY_DEBIT,925.97,,
DEBIT,10/04/2016,"AMAZON MKTPLACE PMTS AMZN.COM/BILL WA        10/03",-10.99,DEBIT_CARD,950.97,,
DEBIT,10/03/2016,"Chase QuickPay Electronic Transfer 5703227179 to Willie Zeng",-33.97,QUICKPAY_DEBIT,961.96,,
DEBIT,10/03/2016,"BANGKOK THAI INC CHAMPAIGN IL                09/30",-8.85,DEBIT_CARD,995.93,,
CREDIT,10/03/2016,"Chase QuickPay Electronic Transfer 5669106504 from GASAN ABDULAEV",500.00,QUICKPAY_CREDIT,1004.78,,
DEBIT,09/30/2016,"JTI*TWITCHTV SUB SRVCS 844-5658623 CA        09/28",-4.99,DEBIT_CARD,504.78,,
DEBIT,09/30/2016,"Online Transfer to  SAV ...3980 transaction#: 5629420022",-25.00,ACCT_XFER,509.77,,
DEBIT,09/28/2016,"RiotGam*LoL LN63WJFCJ 866-373-9211 CA        09/28",-20.00,DEBIT_CARD,534.77,,
DEBIT,09/28/2016,"SKRILL LTD LONDON                            09/26",-33.69,DEBIT_CARD,554.77,,
DEBIT,09/27/2016,"BLIZZARD ENT*ONL STOR 800-592-5499 CA        09/26",-65.33,DEBIT_CARD,588.46,,
DEBIT,09/27/2016,"GOOGLE *BScotchShena g.co/payhelp# CA        09/26",-4.76,DEBIT_CARD,653.79,,
DEBIT,09/26/2016,"HUMBLEBUNDLE.COM HUM HUMBLEBUNDLE. CA        09/24",-6.00,DEBIT_CARD,658.55,,
CREDIT,09/23/2016,"VENMO            CASHOUT                    PPD ID: 5264681992",31.43,ACH_CREDIT,664.55,,
DEBIT,09/22/2016,"COUNTY MARKET 5 CHAMPAIGN IL                 09/22",-34.78,DEBIT_CARD,633.12,,
DEBIT,09/21/2016,"GOOGLE *Bones g.co/payhelp# CA               09/20",-0.50,DEBIT_CARD,667.90,,
DEBIT,09/20/2016,"Speedpay         wuAmerenIL 4362102105      WEB ID: 9212017504",-13.45,ACH_DEBIT,668.40,,
DEBIT,09/20/2016,"AMERICAN-WATER   UTIL-PMNT  3200034         WEB ID: 0000000160",-13.67,ACH_DEBIT,681.85,,
DEBIT,09/19/2016,"BANKIER APTS.    FIRSTECH                   WEB ID: 0383668715",-610.00,ACH_DEBIT,695.52,,
DEBIT,09/19/2016,"BLIZZARD ENT*ONL STOR 800-592-5499 CA        09/18",-5.43,DEBIT_CARD,1305.52,,
CREDIT,09/19/2016,"Chase QuickPay Electronic Transfer 5639300595 from GASAN ABDULAEV",500.00,QUICKPAY_CREDIT,1310.95,,
DEBIT,09/15/2016,"BLIZZARD ENT*ONL STOR 800-592-5499 CA        09/14",-21.76,DEBIT_CARD,810.95,,
DEBIT,09/13/2016,"JET.COM 855-538-4323 NJ                      09/12",-556.89,DEBIT_CARD,832.71,,
DEBIT,09/12/2016,"PAYPAL           INST XFER  LONDONTRUST     WEB ID: PAYPALSI77",-39.95,ACH_DEBIT,1389.60,,
DEBIT,09/12/2016,"COUNTY MARKET 5 CHAMPAIGN IL                 09/12",-42.15,DEBIT_CARD,1429.55,,
DEBIT,09/12/2016,"BANGKOK THAI INC CHAMPAIGN IL                09/11",-8.85,DEBIT_CARD,1471.70,,
DEBIT,09/12/2016,"Chase QuickPay Electronic Transfer 5656166372 to Willie Zeng",-17.71,QUICKPAY_DEBIT,1480.55,,
DEBIT,09/07/2016,"PAYPAL           INST XFER  SOAPBOX         WEB ID: PAYPALSI77",-9.99,ACH_DEBIT,1498.26,,
DEBIT,09/06/2016,"PAYPAL           INST XFER  SOAPBOX         WEB ID: PAYPALSI77",-4.99,ACH_DEBIT,1508.25,,
DEBIT,09/06/2016,"Spotify USA 646-8375380 NY                   09/04",-4.99,DEBIT_CARD,1513.24,,
CREDIT,09/06/2016,"Chase QuickPay Electronic Transfer 5643492628 from WILLIE ZENG",96.63,QUICKPAY_CREDIT,1518.23,,
CREDIT,09/06/2016,"Chase QuickPay Electronic Transfer 5607226769 from GASAN ABDULAEV",500.00,QUICKPAY_CREDIT,1421.60,,
DEBIT,09/01/2016,"CHIPOTLE 0771 CHAMPAIGN IL                   08/31",-10.35,DEBIT_CARD,921.60,,
DEBIT,08/31/2016,"COUNTY MARKET 5 CHAMPAIGN IL                 08/31",-13.44,DEBIT_CARD,931.95,,
DEBIT,08/31/2016,"Online Transfer to  SAV ...3980 transaction#: 5558275073",-25.00,ACCT_XFER,945.39,,
DEBIT,08/31/2016,"BLIZZARD ENT*WOW CHAR 800-592-5499 CA        08/31",-25.00,DEBIT_CARD,970.39,,
DEBIT,08/30/2016,"JTI*TWITCHTV SUB SRVCS 844-5658623 CA        08/28",-4.99,DEBIT_CARD,995.39,,
DEBIT,08/30/2016,"CHIPOTLE 0771 CHAMPAIGN IL                   08/29",-8.21,DEBIT_CARD,1000.38,,
DEBIT,08/30/2016,"Amazon.com AMZN.COM/BILL WA                  08/29",-32.06,DEBIT_CARD,1008.59,,
DEBIT,08/29/2016,"WM SUPERC Wal-Mart Sup CHAMPAIGN IL          08/29",-193.27,DEBIT_CARD,1040.65,,
DEBIT,08/29/2016,"CAMPUS PANTRY CHAMPAIGN IL                   08/27",-15.25,DEBIT_CARD,1233.92,,
DEBIT,08/29/2016,"BLIZZARD ENT*WOW SUB BLIZZARD.COM CA         08/26",-15.93,DEBIT_CARD,1249.17,,
DEBIT,08/29/2016,"BANGKOK THAI INC CHAMPAIGN IL                08/26",-8.85,DEBIT_CARD,1265.10,,
DEBIT,08/26/2016,"RiotGam*LoL LN696UJ4W 866-373-9211 CA        08/26",-10.00,DEBIT_CARD,1273.95,,
CREDIT,08/25/2016,"Chase QuickPay Electronic Transfer 5617100559 from WILLIE ZENG",522.65,QUICKPAY_CREDIT,1283.95,,
DEBIT,08/23/2016,"BLIZZARD ENT*WOW SUB BLIZZARD.COM CA         08/22",-15.93,DEBIT_CARD,761.30,,
DEBIT,08/23/2016,"BANGKOK THAI INC CHAMPAIGN IL                08/22",-8.85,DEBIT_CARD,777.23,,
DEBIT,08/23/2016,"AMAZON MKTPLACE PMTS AMZN.COM/BILL WA        08/22",-40.41,DEBIT_CARD,786.08,,
CREDIT,08/23/2016,"Chase QuickPay Electronic Transfer 5577802578 from GASAN ABDULAEV",500.00,QUICKPAY_CREDIT,826.49,,
DEBIT,08/22/2016,"BANKIER APTS.    FIRSTECH                   WEB ID: 0383668715",-1137.00,ACH_DEBIT,326.49,,
DEBIT,08/22/2016,"SCHNUCKS #730 SAVOY IL                       08/22",-58.62,DEBIT_CARD,1463.49,,
DEBIT,08/19/2016,"AMERICAN-WATER   UTIL-PMNT  8885297         WEB ID: 0000000160",-10.00,ACH_DEBIT,1522.11,,
DEBIT,08/19/2016,"RUFF CREEK MKTS CLAYSVILLE PA                08/19",-2.54,DEBIT_CARD,1532.11,,
DEBIT,08/19/2016,"MTA MVM*B027-SHEEPSHEAD NEW YORK NY          08/18",-4.00,DEBIT_CARD,1534.65,,
DEBIT,08/15/2016,"PAYPAL           INST XFER  SCUDZACK12      WEB ID: PAYPALSI77",-4.42,ACH_DEBIT,1538.65,,
DEBIT,08/15/2016,"STOP & SHOP 2591 BROOKLYN NY                 08/14",-11.33,DEBIT_CARD,1543.07,,
DEBIT,08/15/2016,"RiotGam*LoL LN6Q8AP1C 866-373-9211 CA        08/13",-10.00,DEBIT_CARD,1554.40,,
DEBIT,08/09/2016,"BLIZZARD ENT*ONL STOR 800-592-5499 CA        08/08",-76.03,DEBIT_CARD,1564.40,,
DEBIT,08/09/2016,"STEAMGAMES.COM42595229 425-9522985 WA        08/08",-3.28,DEBIT_CARD,1640.43,,
DEBIT,08/08/2016,"FANDANGO.COM FANDANGO.COM CA                 08/07",-49.98,DEBIT_CARD,1643.71,,
DEBIT,08/08/2016,"GOOGLE *Giacomo Locc g.co/payhelp# CA        08/06",-0.45,DEBIT_CARD,1693.69,,
CREDIT,08/08/2016,"Chase QuickPay Electronic Transfer 5545337372 from GASAN ABDULAEV",500.00,QUICKPAY_CREDIT,1694.14,,
DEBIT,08/05/2016,"AMAZON MKTPLACE PMTS AMZN.COM/BILL WA        08/05",-30.18,DEBIT_CARD,1194.14,,
DEBIT,08/04/2016,"PAYPAL           INST XFER  SOAPBOX         WEB ID: PAYPALSI77",-4.99,ACH_DEBIT,1224.32,,
DEBIT,08/04/2016,"PAYPAL           INST XFER  RIOTGAMESIN     WEB ID: PAYPALSI77",-20.00,ACH_DEBIT,1229.31,,
DEBIT,08/01/2016,"JTI*TWITCHTV SUB SRVCS 844-5658623 CA        07/28",-4.99,DEBIT_CARD,1249.31,,
DEBIT,08/01/2016,"PAYPAL           INST XFER  DR INC USD      WEB ID: PAYPALSI77",-10.00,ACH_DEBIT,1254.30,,
DEBIT,08/01/2016,"PAYPAL           INST XFER  DR INC USD      WEB ID: PAYPALSI77",-20.00,ACH_DEBIT,1264.30,,
DEBIT,07/29/2016,"Online Transfer to  SAV ...3980 transaction#: 5494654414",-25.00,ACCT_XFER,1284.30,,
CREDIT,07/26/2016,"Chase QuickPay Electronic Transfer 5516302052 from GASAN ABDULAEV",500.00,QUICKPAY_CREDIT,1309.30,,
DEBIT,07/25/2016,"BLIZZARD ENT*WOW SUB BLIZZARD.COM CA         07/22",-15.93,DEBIT_CARD,809.30,,
DEBIT,07/20/2016,"PAYPAL           INST XFER  SOAPBOXROTA     WEB ID: PAYPALSI77",-7.49,ACH_DEBIT,825.23,,
DEBIT,07/11/2016,"GTS ONLINE LTD   IAT PAYPAL J222227XTU28L   WEB ID: 770510487C",-34.98,ACH_DEBIT,832.72,,
DEBIT,07/11/2016,"Chase QuickPay Electronic Transfer 5517066898 to Willie Zeng",-14.96,QUICKPAY_DEBIT,867.70,,
DEBIT,07/11/2016,"RiotGam*LoL LN66MQR1V 866-373-9211 CA        07/09",-10.00,DEBIT_CARD,882.66,,
DEBIT,07/11/2016,"STEAMGAMES.COM42595229 425-9522985 WA        07/08",-24.99,DEBIT_CARD,892.66,,
CREDIT,07/11/2016,"Chase QuickPay Electronic Transfer 5484373762 from GASAN ABDULAEV",500.00,QUICKPAY_CREDIT,917.65,,
DEBIT,07/06/2016,"STEAMGAMES.COM42595229 425-9522985 WA        07/05",-29.99,DEBIT_CARD,417.65,,
DEBIT,07/05/2016,"GTS ONLINE LTD   IAT PAYPAL J222227VUZM8N   WEB ID: 770510487C",-8.20,ACH_DEBIT,447.64,,
DEBIT,07/05/2016,"STEAMGAMES.COM 425-952-2985 WA               07/01",-10.43,DEBIT_CARD,455.84,,
DEBIT,07/05/2016,"PAYPAL           INST XFER  SOAPBOXROTA     WEB ID: PAYPALSI77",-14.98,ACH_DEBIT,466.27,,
DEBIT,07/05/2016,"GU GUANG LEI     IAT PAYPAL J222227WDJZNQ   WEB ID: 770510487C",-66.00,ACH_DEBIT,481.25,,
DEBIT,07/05/2016,"Eat24  *NagoyaFusion EAT24HOURS.CO CA        07/01",-43.90,DEBIT_CARD,547.25,,
DEBIT,07/05/2016,"STEAMGAMES.COM42595229 425-9522985 WA        07/04",-2.49,DEBIT_CARD,591.15,,
DEBIT,06/30/2016,"PAYPAL           INST XFER  L0L1DK          WEB ID: PAYPALSI77",-3.99,ACH_DEBIT,593.64,,
DEBIT,06/30/2016,"Online Transfer to  SAV ...3980 transaction#: 5427456918",-25.00,ACCT_XFER,597.63,,
DEBIT,06/30/2016,"Chase QuickPay Electronic Transfer 5493143936 to Willie Zeng",-523.03,QUICKPAY_DEBIT,622.63,,
DEBIT,06/30/2016,"JTI*TWITCHTV SUB SRVCS 844-5658623 CA        06/28",-4.99,DEBIT_CARD,1145.66,,
DEBIT,06/27/2016,"STEAMGAMES.COM 425-952-2985 WA               06/24",-21.66,DEBIT_CARD,1150.65,,
DEBIT,06/27/2016,"BLIZZARD ENT*ONL STOR 800-592-5499 CA        06/26",-27.22,DEBIT_CARD,1172.31,,
DEBIT,06/27/2016,"STEAMGAMES.COM 425-952-2985 WA               06/24",-41.43,DEBIT_CARD,1199.53,,
CREDIT,06/27/2016,"Chase QuickPay Electronic Transfer 5454886838 from GASAN ABDULAEV",500.00,QUICKPAY_CREDIT,1240.96,,
DEBIT,06/24/2016,"KULAGIN DENIS    IAT PAYPAL 4SKJ29PKHT29E   WEB ID: 770510487C",-80.00,ACH_DEBIT,740.96,,
DEBIT,06/23/2016,"BLIZZARD ENT*WOW CHAR 800-592-5499 CA        06/23",-25.00,DEBIT_CARD,820.96,,
DEBIT,06/22/2016,"BLIZZARD ENT*WOW SUB BLIZZARD.COM CA         06/22",-15.93,DEBIT_CARD,845.96,,
DEBIT,06/16/2016,"Chase QuickPay Electronic Transfer 5463567815 to Willie Zeng",-39.99,QUICKPAY_DEBIT,861.89,,
DEBIT,06/16/2016,"Chase QuickPay Electronic Transfer 5463566756 to Willie Zeng",-12.70,QUICKPAY_DEBIT,901.88,,
DEBIT,06/13/2016,"UBER   *JUN11 US WIMS 866-576-1039 CA        06/12",-26.83,DEBIT_CARD,914.58,,
CREDIT,06/13/2016,"Chase QuickPay Electronic Transfer 5423234851 from GASAN ABDULAEV",500.00,QUICKPAY_CREDIT,941.41,,
DEBIT,06/09/2016,"GOOGLE *darken apps g.co/payhelp# CA         06/08",-0.09,DEBIT_CARD,441.41,,
DEBIT,06/08/2016,"PLAYSTATION NETWORK 800-345-7669 CA          06/08",-15.99,DEBIT_CARD,441.50,,
DEBIT,06/08/2016,"VENMO 855-812-4430 NY                        06/07",-17.38,DEBIT_CARD,457.49,,
DEBIT,06/07/2016,"VENMO 855-812-4430 NY                        06/06",-5.00,DEBIT_CARD,474.87,,
DEBIT,05/31/2016,"JTI*TWITCHTV SUB SRVCS 844-5658623 CA        05/28",-4.99,DEBIT_CARD,479.87,,
DEBIT,05/31/2016,"Online Transfer to  SAV ...3980 transaction#: 5359270125",-25.00,ACCT_XFER,484.86,,
DEBIT,05/31/2016,"VENMO 855-812-4430 NY                        05/30",-7.00,DEBIT_CARD,509.86,,
DEBIT,05/31/2016,"MITSUWA-ITO-EN NJ EDGEWATER NJ               05/29",-4.25,DEBIT_CARD,516.86,,
DEBIT,05/31/2016,"MITSUWA MRKTPLACE NJ EDGEWATER NJ            05/29",-4.26,DEBIT_CARD,521.11,,
DEBIT,05/31/2016,"Chase QuickPay Electronic Transfer 5424099085 to Willie Zeng",-522.65,QUICKPAY_DEBIT,525.37,,
CREDIT,05/31/2016,"Chase QuickPay Electronic Transfer 5394426440 from GASAN ABDULAEV",500.00,QUICKPAY_CREDIT,1048.02,,
DEBIT,05/27/2016,"AmazonPrime Membersh amzn.com/prme WA        05/26",-49.00,DEBIT_CARD,548.02,,
DEBIT,05/26/2016,"RiotGam*LoL LN6KYM7AP 866-373-9211 CA        05/26",-20.00,DEBIT_CARD,597.02,,
DEBIT,05/23/2016,"OMNYEX ECOMMERCE IAT PAYPAL J222227JZJTUG   WEB ID: 770510487C",-39.99,ACH_DEBIT,617.02,,
DEBIT,05/19/2016,"VENMO 855-812-4430 NY                        05/18",-5.00,DEBIT_CARD,657.01,,
DEBIT,05/16/2016,"AMAZON MKTPLACE PMTS AMZN.COM/BILL WA        05/14",-39.99,DEBIT_CARD,662.01,,
CREDIT,05/16/2016,"Chase QuickPay Electronic Transfer 5361847692 from GASAN ABDULAEV",500.00,QUICKPAY_CREDIT,702.00,,
DEBIT,05/13/2016,"GOLDEN WOK  EATSTREET 866-654-8777 WI        05/13",-20.89,DEBIT_CARD,202.00,,
DEBIT,05/12/2016,"WINGIN OUT  EATSTREET 866-654-8777 WI        05/11",-15.26,DEBIT_CARD,222.89,,
DEBIT,05/12/2016,"COUNTY MARKET 515 CHAMPAIGN IL       566090  05/11",-21.51,DEBIT_CARD,238.15,,
DEBIT,05/12/2016,"HUMBLEBUNDLE.COM HUM HUMBLEBUNDLE. CA        05/11",-15.00,DEBIT_CARD,259.66,,
DEBIT,05/11/2016,"FAT SANDWICHEATSTREET 866-654-8777 WI        05/10",-16.58,DEBIT_CARD,274.66,,
DEBIT,05/09/2016,"SUPER NIROS EATSTREET 866-654-8777 WI        05/08",-18.23,DEBIT_CARD,291.24,,
DEBIT,05/09/2016,"JIMMY JOHNS # 90003 E 217-344-6200 IL        05/08",-17.40,DEBIT_CARD,309.47,,
CREDIT,05/09/2016,"VENMO-0          CASHOUT    204110794       CCD ID: 5264681992",30.00,ACH_CREDIT,326.87,,
DEBIT,05/06/2016,"ATM WITHDRAWAL                       008641  05/06501 E GRE",-40.00,ATM,296.87,,
DEBIT,05/05/2016,"CACTUS GRILLEATSTREET 866-654-8777 WI        05/05",-15.51,DEBIT_CARD,336.87,,
DEBIT,05/04/2016,"D.P. DOUGH CHAMPAIGN IL                      05/02",-12.62,DEBIT_CARD,352.38,,
DEBIT,05/03/2016,"VENMO 855-812-4430 NY                        05/02",-6.06,DEBIT_CARD,365.00,,
DEBIT,05/02/2016,"JTI*TWITCHTV SUB SRVCS 844-5658623 CA        04/28",-4.99,DEBIT_CARD,371.06,,
DEBIT,05/02/2016,"JURASSIC GRIEATSTREET 866-654-8777 WI        04/30",-17.37,DEBIT_CARD,376.05,,
DEBIT,05/02/2016,"GOLDEN WOK  EATSTREET 866-654-8777 WI        05/01",-30.41,DEBIT_CARD,393.42,,
DEBIT,05/02/2016,"PAYPAL           INST XFER  BLIZZARDENT     WEB ID: PAYPALSI77",-63.74,ACH_DEBIT,423.83,,
DEBIT,05/02/2016,"Chase QuickPay Electronic Transfer 5365424563 to Willie Zeng",-39.78,QUICKPAY_DEBIT,487.57,,
DEBIT,05/02/2016,"Chase QuickPay Electronic Transfer 5361700571 to Willie Zeng",-522.65,QUICKPAY_DEBIT,527.35,,
DEBIT,05/02/2016,"CHRONO.GG 424-247-6663 DE                    04/30",-1.00,DEBIT_CARD,1050.00,,
CREDIT,05/02/2016,"Chase QuickPay Electronic Transfer 5332151936 from GASAN ABDULAEV",500.00,QUICKPAY_CREDIT,1051.00,,
DEBIT,04/29/2016,"AZZIP PIZZA EATSTREET 866-654-8777 WI        04/29",-12.51,DEBIT_CARD,551.00,,
DEBIT,04/29/2016,"Online Transfer to  SAV ...3980 transaction#: 5294568768",-25.00,ACCT_XFER,563.51,,
DEBIT,04/28/2016,"JIMMY JOHNS # 90003 E 217-344-6200 IL        04/27",-11.39,DEBIT_CARD,588.51,,
DEBIT,04/27/2016,"BLIZZARD ENT*ONL STOR 800-592-5499 CA        04/26",-54.43,DEBIT_CARD,599.90,,
DEBIT,04/27/2016,"BLIZZARD ENT*ONL STOR 800-592-5499 CA        04/26",-21.76,DEBIT_CARD,654.33,,
DEBIT,04/26/2016,"PAPA DS     EATSTREET 866-654-8777 WI        04/26",-16.02,DEBIT_CARD,676.09,,
DEBIT,04/26/2016,"BLIZZARD ENT*ONL STOR 800-592-5499 CA        04/26",-54.43,DEBIT_CARD,692.11,,
DEBIT,04/26/2016,"BLIZZARD ENT*ONL STOR 800-592-5499 CA        04/25",-27.21,DEBIT_CARD,746.54,,
DEBIT,04/26/2016,"GOOGLE *KustomInd g.co/payhelp# CA           04/26",-1.73,DEBIT_CARD,773.75,,
DEBIT,04/25/2016,"RAINBOW GARDEATSTREET 866-654-8777 WI        04/23",-23.65,DEBIT_CARD,775.48,,
DEBIT,04/25/2016,"AMAZON MKTPLACE PMTS AMZN.COM/BILL WA        04/25",-31.99,DEBIT_CARD,799.13,,
DEBIT,04/25/2016,"D.P. DOUGH CHAMPAIGN IL                      04/23",-11.39,DEBIT_CARD,831.12,,
DEBIT,04/22/2016,"INSOMNIA COOKIES - JOH CHAMPAIGN IL          04/22",-16.35,DEBIT_CARD,842.51,,
DEBIT,04/20/2016,"GOLDEN WOK  EATSTREET 866-654-8777 WI        04/19",-22.37,DEBIT_CARD,858.86,,
DEBIT,04/20/2016,"Chase QuickPay Electronic Transfer 5334812655 to Willie Zeng",-33.04,QUICKPAY_DEBIT,881.23,,
DEBIT,04/18/2016,"Chase QuickPay Electronic Transfer 5325302655 to Willie Zeng",-12.70,QUICKPAY_DEBIT,914.27,,
DEBIT,04/18/2016,"D.P. DOUGH CHAMPAIGN IL                      04/16",-10.64,DEBIT_CARD,926.97,,
DEBIT,04/18/2016,"JIMMY JOHNS # 90003 E 217-344-6200 IL        04/15",-17.40,DEBIT_CARD,937.61,,
CREDIT,04/18/2016,"Chase QuickPay Electronic Transfer 5301268282 from GASAN ABDULAEV",500.00,QUICKPAY_CREDIT,955.01,,
DEBIT,04/14/2016,"CACTUS GRILLEATSTREET 866-654-8777 WI        04/14",-15.51,DEBIT_CARD,455.01,,
DEBIT,04/12/2016,"Amazon.com AMZN.COM/BILL WA                  04/12",-24.37,DEBIT_CARD,470.52,,
DEBIT,04/11/2016,"PAPA JOHNS PEATSTREET 866-654-8777 WI        04/09",-14.18,DEBIT_CARD,494.89,,
DEBIT,04/11/2016,"GOLDEN WOK  EATSTREET 866-654-8777 WI        04/10",-20.89,DEBIT_CARD,509.07,,
DEBIT,04/07/2016,"CACTUS GRILLEATSTREET 866-654-8777 WI        04/07",-15.51,DEBIT_CARD,529.96,,
CREDIT,04/07/2016,"VENMO-0          CASHOUT    186806353       CCD ID: 5264681992",8.92,ACH_CREDIT,545.47,,
DEBIT,04/05/2016,"Chase QuickPay Electronic Transfer 5309176008 to Willie Zeng",-23.61,QUICKPAY_DEBIT,536.55,,
DEBIT,04/05/2016,"D.P. DOUGH CHAMPAIGN IL                      04/03",-11.64,DEBIT_CARD,560.16,,
DEBIT,04/05/2016,"STEAMPOWERED.COM 425-9522985 WA              04/04",-17.57,DEBIT_CARD,571.80,,
CREDIT,04/04/2016,"Chase QuickPay Electronic Transfer 5271096558 from GASAN ABDULAEV",500.00,QUICKPAY_CREDIT,589.37,,
DEBIT,04/01/2016,"Chase QuickPay Electronic Transfer 5293640072 to Willie Zeng",-548.85,QUICKPAY_DEBIT,89.37,,
DEBIT,04/01/2016,"JIMMY JOHNS # 90003 E 217-344-6200 IL        03/31",-11.39,DEBIT_CARD,638.22,,
DEBIT,03/31/2016,"Online Transfer to  SAV ...3980 transaction#: 5226948600",-25.00,ACCT_XFER,649.61,,
DEBIT,03/31/2016,"RiotGam*LoL LN6QTKLEV 866-373-9211 CA        03/31",-10.00,DEBIT_CARD,674.61,,
DEBIT,03/31/2016,"REEF EDUCATION 540-6727735 VA                03/30",-9.99,DEBIT_CARD,684.61,,
DEBIT,03/30/2016,"JTI*TWITCHTV SUB SRVCS 844-5658623 CA        03/28",-4.99,DEBIT_CARD,694.60,,
DEBIT,03/28/2016,"ANTONIOS PIZEATSTREET 866-654-8777 WI        03/28",-24.85,DEBIT_CARD,699.59,,
DEBIT,03/28/2016,"CHIPOTLE 0771 CHAMPAIGN IL                   03/26",-7.12,DEBIT_CARD,724.44,,
DEBIT,03/28/2016,"Chase QuickPay Electronic Transfer 5285673492 to Willie Zeng",-94.62,QUICKPAY_DEBIT,731.56,,
DEBIT,03/28/2016,"Chase QuickPay Electronic Transfer 5269447298 to Willie Zeng",-12.70,QUICKPAY_DEBIT,826.18,,
DEBIT,03/28/2016,"Chase QuickPay Electronic Transfer 5285662483 to Willie Zeng",-39.99,QUICKPAY_DEBIT,838.88,,
CREDIT,03/28/2016,"Online Transfer from SAV ...3980 transaction#: 5285674116",50.00,ACCT_XFER,878.87,,
DEBIT,03/25/2016,"INSOMNIA COOKIES - JOH CHAMPAIGN IL          03/25",-19.92,DEBIT_CARD,828.87,,
CREDIT,03/24/2016,"VENMO-0          CASHOUT    178749854       CCD ID: 5264681992",20.09,ACH_CREDIT,848.79,,
DEBIT,03/23/2016,"AMZ*Admin amzn.com/pmts WA                   03/22",-99.52,DEBIT_CARD,828.70,,
DEBIT,03/23/2016,"HUMBLEBUNDLE.COM HUM HUMBLEBUNDLE. CA        03/22",-12.00,DEBIT_CARD,928.22,,
DEBIT,03/21/2016,"PAYPAL           INST XFER  STEAM GAMES     WEB ID: PAYPALSI77",-55.19,ACH_DEBIT,940.22,,
DEBIT,03/21/2016,"COUNTY MARKET 515 CHAMPAIGN IL       444471  03/20",-45.00,DEBIT_CARD,995.41,,
DEBIT,03/21/2016,"JIMMY JOHNS # 90003 E 217-344-6200 IL        03/19",-9.20,DEBIT_CARD,1040.41,,
DEBIT,03/21/2016,"D.P. DOUGH CHAMPAIGN IL                      03/18",-11.39,DEBIT_CARD,1049.61,,
CREDIT,03/21/2016,"Chase QuickPay Electronic Transfer 5241256564 from GASAN ABDULAEV",500.00,QUICKPAY_CREDIT,1061.00,,
DEBIT,03/18/2016,"MCDONALD'S F36750 CHAMPAIGN IL               03/16",-6.77,DEBIT_CARD,561.00,,
DEBIT,03/17/2016,"EA *STAR WARS TOR help.ea.com CA             03/17",-15.93,DEBIT_CARD,567.77,,
DEBIT,03/16/2016,"JIMMY JOHNS # 90003 E 217-344-6200 IL        03/15",-9.20,DEBIT_CARD,583.70,,
DEBIT,03/16/2016,"AMAZON MKTPLACE PMTS AMZN.COM/BILL WA        03/16",-5.52,DEBIT_CARD,592.90,,
DEBIT,03/14/2016,"JURASSIC GRIEATSTREET 866-654-8777 WI        03/12",-16.06,DEBIT_CARD,598.42,,
DEBIT,03/14/2016,"GOLDEN WOK  EATSTREET 866-654-8777 WI        03/13",-20.62,DEBIT_CARD,614.48,,
DEBIT,03/11/2016,"DRI*KASPERSKY.COM orderfind.com MN           03/10",-42.49,DEBIT_CARD,635.10,,
DEBIT,03/09/2016,"JIMMY JOHNS # 90003 E 217-344-6200 IL        03/09",-21.78,DEBIT_CARD,677.59,,
DEBIT,03/08/2016,"STEAMGAMES.COM 425-952-2985 WA               03/07",-21.25,DEBIT_CARD,699.37,,
DEBIT,03/08/2016,"EATCU - ECOMM BALTIMORE MD                   03/08",-15.07,DEBIT_CARD,720.62,,
DEBIT,03/07/2016,"D.P. DOUGH CHAMPAIGN IL                      03/06",-10.61,DEBIT_CARD,735.69,,
CREDIT,03/07/2016,"Chase QuickPay Electronic Transfer 5208587818 from GASAN ABDULAEV",500.00,QUICKPAY_CREDIT,746.30,,
DEBIT,03/03/2016,"AMAZON MKTPLACE PMTS AMZN.COM/BILL WA        03/02",-19.50,DEBIT_CARD,246.30,,
DEBIT,03/02/2016,"EATCU - ECOMM BALTIMORE MD                   03/02",-20.25,DEBIT_CARD,265.80,,
DEBIT,02/29/2016,"STEAMGAMES.COM 425-952-2985 WA               02/28",-13.36,DEBIT_CARD,286.05,,
DEBIT,02/29/2016,"Chase QuickPay Electronic Transfer 5226259426 to Willie Zeng",-522.34,QUICKPAY_DEBIT,299.41,,
DEBIT,02/29/2016,"Online Transfer to  SAV ...3980 transaction#: 5160157272",-25.00,ACCT_XFER,821.75,,
DEBIT,02/29/2016,"JIMMY JOHNS # 90003 E 217-344-6200 IL        02/29",-17.40,DEBIT_CARD,846.75,,
DEBIT,02/29/2016,"CHOP STIX CHAMPAIGN IL                       02/27",-11.84,DEBIT_CARD,864.15,,
DEBIT,02/29/2016,"D.P. DOUGH CHAMPAIGN IL                      02/25",-11.39,DEBIT_CARD,875.99,,
DEBIT,02/26/2016,"Chase QuickPay Electronic Transfer 5219807035 to Willie Zeng",-22.88,QUICKPAY_DEBIT,887.38,,
DEBIT,02/25/2016,"EA *STAR WARS TOR help.ea.com CA             02/25",-10.61,DEBIT_CARD,910.26,,
DEBIT,02/23/2016,"PANDA EXPRESS #2341 CHAMPAIGN IL             02/22",-9.96,DEBIT_CARD,920.87,,
DEBIT,02/22/2016,"GOLDEN WOK  EATSTREET 866-654-8777 WI        02/21",-18.24,DEBIT_CARD,930.83,,
DEBIT,02/22/2016,"STEAMGAMES.COM 425-952-2985 WA               02/20",-5.00,DEBIT_CARD,949.07,,
CREDIT,02/22/2016,"Chase QuickPay Electronic Transfer 5179671950 from GASAN ABDULAEV",500.00,QUICKPAY_CREDIT,954.07,,
DEBIT,02/16/2016,"EA *STAR WARS TOR help.ea.com CA             02/16",-15.93,DEBIT_CARD,454.07,,
DEBIT,02/16/2016,"EATCU - ECOMM BALTIMORE MD                   02/14",-12.65,DEBIT_CARD,470.00,,
DEBIT,02/16/2016,"AMAZON MKTPLACE PMTS AMZN.COM/BILL WA        02/14",-24.90,DEBIT_CARD,482.65,,
DEBIT,02/16/2016,"HANZ DE FUKO 414-225-5792 CA                 02/12",-23.50,DEBIT_CARD,507.55,,
DEBIT,02/12/2016,"STEAMGAMES.COM 425-952-2985 WA               02/11",-10.00,DEBIT_CARD,531.05,,
DEBIT,02/12/2016,"GOLDEN WOK  EATSTREET 866-654-8777 WI        02/11",-20.89,DEBIT_CARD,541.05,,
DEBIT,02/12/2016,"JIMMY JOHNS # 90003 E 217-344-6200 IL        02/10",-12.00,DEBIT_CARD,561.94,,
DEBIT,02/10/2016,"STEAMPOWERED.COM 425-9522985 WA              02/09",-13.80,DEBIT_CARD,573.94,,
DEBIT,02/10/2016,"ASK MR. ROBOT 6507626814 CA                  02/08",12.00,DEBIT_CARD,587.74,,
DEBIT,02/09/2016,"ASK MR. ROBOT 650-762-6814 CA                02/08",-12.00,DEBIT_CARD,575.74,,
DEBIT,02/08/2016,"JURASSIC GRIEATSTREET 866-654-8777 WI        02/06",-18.97,DEBIT_CARD,587.74,,
DEBIT,02/08/2016,"CHIPOTLE 0771 CHAMPAIGN IL                   02/06",-7.12,DEBIT_CARD,606.71,,
DEBIT,02/08/2016,"GOOGLE *Wolfram Alph GOOGLE.COM/CH CA        02/05",-0.56,DEBIT_CARD,613.83,,
CREDIT,02/08/2016,"Chase QuickPay Electronic Transfer 5148153962 from GASAN ABDULAEV",500.00,QUICKPAY_CREDIT,614.39,,
DEBIT,02/05/2016,"EATCU - ECOMM BALTIMORE MD                   02/04",-15.07,DEBIT_CARD,114.39,,
DEBIT,02/05/2016,"D.P. DOUGH CHAMPAIGN IL                      02/03",-11.39,DEBIT_CARD,129.46,,
DEBIT,02/04/2016,"PAYPAL           INST XFER  HUMBLEBUNDL     WEB ID: PAYPALSI77",-8.00,ACH_DEBIT,140.85,,
DEBIT,02/03/2016,"Chase QuickPay Electronic Transfer 5171635243 to Willie Zeng",-9.94,QUICKPAY_DEBIT,148.85,,
DEBIT,02/02/2016,"Chase QuickPay Electronic Transfer 5169231257 to Willie Zeng",-597.50,QUICKPAY_DEBIT,158.79,,
DEBIT,02/02/2016,"JIMMY JOHNS # 90003 E 217-344-6200 IL        02/01",-18.52,DEBIT_CARD,756.29,,
DEBIT,02/02/2016,"RiotGam*LoL LN6B78BW1 866-373-9211 CA        02/01",-50.00,DEBIT_CARD,774.81,,
DEBIT,02/01/2016,"Chase QuickPay Electronic Transfer 5163625499 to Willie Zeng",-522.34,QUICKPAY_DEBIT,824.81,,
DEBIT,02/01/2016,"Chase QuickPay Electronic Transfer 5165492895 to Willie Zeng",-5.50,QUICKPAY_DEBIT,1347.15,,
DEBIT,02/01/2016,"DOMINO'S 2921 636-947-4433 IL                01/31",-14.19,DEBIT_CARD,1352.65,,
CREDIT,02/01/2016,"Chase QuickPay Electronic Transfer 5168947121 from GASAN ABDULAEV",600.00,QUICKPAY_CREDIT,1366.84,,
DEBIT,01/29/2016,"Online Transfer to  SAV ...3980 transaction#: 5099732951",-25.00,ACCT_XFER,766.84,,
DEBIT,01/28/2016,"GOLDEN WOK  EATSTREET 866-654-8777 WI        01/28",-20.89,DEBIT_CARD,791.84,,
DEBIT,01/28/2016,"STEAMPOWERED.COM 425-9522985 WA              01/27",-21.66,DEBIT_CARD,812.73,,
DEBIT,01/26/2016,"D.P. DOUGH CHAMPAIGN IL                      01/24",-10.39,DEBIT_CARD,834.39,,
DEBIT,01/25/2016,"JIMMY JOHN'S # 90003 E 217-3446200 IL        01/23",-12.00,DEBIT_CARD,844.78,,
DEBIT,01/25/2016,"PAYPAL *SURFTHECITY 402-935-7733 CA          01/22",-1.00,DEBIT_CARD,856.78,,
CREDIT,01/25/2016,"Chase QuickPay Electronic Transfer 5120179930 from GASAN ABDULAEV",500.00,QUICKPAY_CREDIT,857.78,,
DEBIT,01/21/2016,"AMAZON MKTPLACE PMTS AMZN.COM/BILL WA        01/21",-19.99,DEBIT_CARD,357.78,,
DEBIT,01/20/2016,"Chase QuickPay Electronic Transfer 5140555503 to Willie Zeng",-35.97,QUICKPAY_DEBIT,377.77,,
DEBIT,01/20/2016,"Chase QuickPay Electronic Transfer 5140709746 to Alex Harn",-5.00,QUICKPAY_DEBIT,413.74,,
DEBIT,01/20/2016,"STEAMPOWERED.COM 425-9522985 WA              01/19",-31.82,DEBIT_CARD,418.74,,
DEBIT,01/19/2016,"VENMO 855-812-4430 NY                        01/18",-14.94,DEBIT_CARD,450.56,,
DEBIT,01/12/2016,"Chase QuickPay Electronic Transfer 5120121484 to Willie Zeng",-46.40,QUICKPAY_DEBIT,465.50,,
DEBIT,01/11/2016,"CAFE KATJA NEW YORK NY                       01/07",-43.82,DEBIT_CARD,511.90,,
CREDIT,01/11/2016,"Chase QuickPay Electronic Transfer 5089704389 from GASAN ABDULAEV",500.00,QUICKPAY_CREDIT,555.72,,
DEBIT,01/08/2016,"SQ *TOP HOPS BEER SHOP New York NY           01/07",-5.33,DEBIT_CARD,55.72,,
DEBIT,01/05/2016,"COLLEGE TRANSCRIPT 847-716-3000 IL           01/04",-5.00,DEBIT_CARD,61.05,,
DEBIT,01/05/2016,"AMAZON MKTPLACE PMTS AMZN.COM/BILL WA        01/05",-12.59,DEBIT_CARD,66.05,,
DEBIT,01/04/2016,"AMAZON MKTPLACE PMTS AMZN.COM/BILL WA        01/03",15.58,DEBIT_CARD,78.64,,
DEBIT,12/31/2015,"Online Transfer to  SAV ...3980 transaction#: 5034073305",-25.00,ACCT_XFER,63.06,,
DEBIT,12/31/2015,"AMAZON MKTPLACE PMTS AMZN.COM/BILL WA        12/30",-15.58,DEBIT_CARD,88.06,,
CREDIT,12/31/2015,"Online Transfer from SAV ...3980 transaction#: 5100189688",25.00,ACCT_XFER,103.64,,
DEBIT,12/29/2015,"Chase QuickPay Electronic Transfer 5095233239 to Willie Zeng",-522.34,QUICKPAY_DEBIT,78.64,,
DEBIT,12/28/2015,"PLAYSTATION SONYENTER 800-345-7669 CA        12/26",-39.59,DEBIT_CARD,600.98,,
DEBIT,12/28/2015,"STEAMGAMES.COM 425-952-2985 WA               12/26",-8.49,DEBIT_CARD,640.57,,
DEBIT,12/28/2015,"GOOGLE *Bugbyte Ltd GOOGLE.COM/CH CA         12/26",-1.21,DEBIT_CARD,649.06,,
CREDIT,12/28/2015,"Chase QuickPay Electronic Transfer 5062215054 from GASAN ABDULAEV",500.00,QUICKPAY_CREDIT,650.27,,
DEBIT,12/21/2015,"AMERICAN AI 00102668565 CHICAGO IL           12/18",-25.00,DEBIT_CARD,150.27,,
DEBIT,12/21/2015,"PLAYSTATION SONYENTER 800-345-7669 CA        12/18",-59.99,DEBIT_CARD,175.27,,
DEBIT,12/18/2015,"Chase QuickPay Electronic Transfer 5074400191 to Alex Harn",-8.20,QUICKPAY_DEBIT,235.26,,
DEBIT,12/18/2015,"SAVOY 16 SAVOY IL                            12/17",-11.07,DEBIT_CARD,243.46,,
DEBIT,12/17/2015,"RiotGam*LoL 2633.3693 866-373-9211 CA        12/16",-20.00,DEBIT_CARD,254.53,,
DEBIT,12/16/2015,"GOLDEN WOK  EATSTREET 866-654-8777 WI        12/15",-18.61,DEBIT_CARD,274.53,,
DEBIT,12/16/2015,"SAVOY 16 SAVOY IL                            12/15",-9.50,DEBIT_CARD,293.14,,
DEBIT,12/15/2015,"CHOP STIX CHAMPAIGN IL                       12/14",-11.84,DEBIT_CARD,302.64,,
DEBIT,12/14/2015,"Chase QuickPay Electronic Transfer 5062173829 to Alex Harn",-18.10,QUICKPAY_DEBIT,314.48,,
DEBIT,12/14/2015,"PLAYSTATION SONYENTER 800-345-7669 CA        12/13",-49.99,DEBIT_CARD,332.58,,
DEBIT,12/14/2015,"Chase QuickPay Electronic Transfer 5062176202 to Willie Zeng",-67.04,QUICKPAY_DEBIT,382.57,,
DEBIT,12/14/2015,"PEORIA CHARTER COACH CO 3096889523 IL        12/13",-55.00,DEBIT_CARD,449.61,,
CREDIT,12/14/2015,"Chase QuickPay Electronic Transfer 5030251665 from GASAN ABDULAEV",500.00,QUICKPAY_CREDIT,504.61,,
DEBIT,12/07/2015,"Kindle Unlimited 866-216-1072 WA             12/04",-9.99,DEBIT_CARD,4.61,,
DEBIT,12/07/2015,"D.P. DOUGH CHAMPAIGN IL                      12/03",-10.89,DEBIT_CARD,14.60,,
DEBIT,12/02/2015,"PAYPAL           INST XFER  XSOLLA          WEB ID: PAYPALSI77",-4.99,ACH_DEBIT,25.49,,
DEBIT,12/01/2015,"Chase QuickPay Electronic Transfer 5036242568 to Willie Zeng",-4.00,QUICKPAY_DEBIT,30.48,,
DEBIT,12/01/2015,"JIMMY JOHN'S # 90003 E 217-3446200 IL        11/29",-9.20,DEBIT_CARD,34.48,,
DEBIT,11/30/2015,"Chase QuickPay Electronic Transfer 5035970130 to Willie Zeng",-522.34,QUICKPAY_DEBIT,43.68,,
DEBIT,11/30/2015,"Online Transfer to  SAV ...3980 transaction#: 4970997180",-25.00,ACCT_XFER,566.02,,
DEBIT,11/30/2015,"COUNTY MARKET 515 CHAMPAIGN IL       435971  11/30",-78.59,DEBIT_CARD,591.02,,
DEBIT,11/30/2015,"COLLEGE TRANSCRIPT 847-716-3000 IL           11/30",-5.00,DEBIT_CARD,669.61,,
CREDIT,11/30/2015,"Online Transfer from SAV ...3980 transaction#: 5035183162",25.00,ACCT_XFER,674.61,,
CREDIT,11/30/2015,"Chase QuickPay Electronic Transfer 5035829152 from WILLIE ZENG",26.20,QUICKPAY_CREDIT,649.61,,
CREDIT,11/30/2015,"Chase QuickPay Electronic Transfer 5035198942 from ALEXANDER E HARN",26.20,QUICKPAY_CREDIT,623.41,,
CREDIT,11/30/2015,"Chase QuickPay Electronic Transfer 5002977816 from GASAN ABDULAEV",500.00,QUICKPAY_CREDIT,597.21,,
DEBIT,11/27/2015,"Amazon.com AMZN.COM/BILL WA                  11/27",-317.69,DEBIT_CARD,97.21,,
DEBIT,11/24/2015,"GOOGLE *RaeScottDesi GOOGLE.COM/CH CA        11/24",-4.99,DEBIT_CARD,414.90,,
DEBIT,11/23/2015,"CHOP STIX CHAMPAIGN IL                       11/19",-13.00,DEBIT_CARD,419.89,,
DEBIT,11/19/2015,"CACTUS GRILLEATSTREET 866-654-8777 WI        11/18",-15.19,DEBIT_CARD,432.89,,
DEBIT,11/19/2015,"JIMMY JOHN'S # 90003 E 217-3446200 IL        11/17",-10.84,DEBIT_CARD,448.08,,
DEBIT,11/17/2015,"SUBURBAN EXPRESS 217-3445500 IL              11/16",-70.45,DEBIT_CARD,458.92,,
DEBIT,11/16/2015,"GOLDEN WOK  EATSTREET 866-654-8777 WI        11/15",-21.39,DEBIT_CARD,529.37,,
DEBIT,11/16/2015,"TCD*CENGAGE LEARNING 800-354-9706 KY         11/16",-80.00,DEBIT_CARD,550.76,,
DEBIT,11/16/2015,"EATCU - ECOMM BALTIMORE MD                   11/13",-15.07,DEBIT_CARD,630.76,,
CREDIT,11/16/2015,"Chase QuickPay Electronic Transfer 5003226931 from ALEXANDER E HARN",6.00,QUICKPAY_CREDIT,645.83,,
DEBIT,11/13/2015,"JIMMY JOHN'S # 90003 E 217-3446200 IL        11/11",-10.84,DEBIT_CARD,639.83,,
CREDIT,11/13/2015,"Chase QuickPay Electronic Transfer 4970215250 from GASAN ABDULAEV",500.00,QUICKPAY_CREDIT,650.67,,
DEBIT,11/12/2015,"D.P. DOUGH CHAMPAIGN IL                      11/09",-10.89,DEBIT_CARD,150.67,,
CREDIT,11/12/2015,"Online Transfer from SAV ...3980 transaction#: 4997576336",50.00,ACCT_XFER,161.56,,
DEBIT,11/09/2015,"Chase QuickPay Electronic Transfer 4990015633 to Willie Zeng",-48.46,QUICKPAY_DEBIT,111.56,,
DEBIT,11/09/2015,"RiotGam*LoL LN5SLA2J5 866-373-9211 CA        11/06",-5.00,DEBIT_CARD,160.02,,
DEBIT,11/09/2015,"D.P. DOUGH CHAMPAIGN IL                      11/05",-11.87,DEBIT_CARD,165.02,,
CREDIT,11/09/2015,"Chase QuickPay Electronic Transfer 4986811974 from ALEXANDER E HARN",8.00,QUICKPAY_CREDIT,176.89,,
DEBIT,11/05/2015,"Kindle Unlimited 866-216-1072 WA             11/04",-9.99,DEBIT_CARD,168.89,,
DEBIT,11/04/2015,"CHC*COURSEHERO.COM 888-6349397 CA            11/03",-39.95,DEBIT_CARD,178.88,,
DEBIT,11/04/2015,"JIMMY JOHN'S # 90003 E 217-3446200 IL        11/02",-17.40,DEBIT_CARD,218.83,,
DEBIT,11/02/2015,"PAYPAL           INST XFER  XSOLLA          WEB ID: PAYPALSI77",-4.99,ACH_DEBIT,236.23,,
DEBIT,11/02/2015,"PAYPAL           INST XFER  SWTOR.COM       WEB ID: PAYPALSI77",-15.93,ACH_DEBIT,241.22,,
DEBIT,11/02/2015,"Chase QuickPay Electronic Transfer 4974821984 to Willie Zeng",-522.34,QUICKPAY_DEBIT,257.15,,
DEBIT,11/02/2015,"CHOP STIX CHAMPAIGN IL                       10/30",-22.72,DEBIT_CARD,779.49,,
DEBIT,10/30/2015,"ATM WITHDRAWAL                       001663  10/30501 E GRE",-40.00,ATM,802.21,,
DEBIT,10/30/2015,"Online Transfer to  SAV ...3980 transaction#: 4908899387",-25.00,ACCT_XFER,842.21,,
DEBIT,10/30/2015,"D.P. DOUGH CHAMPAIGN IL                      10/28",-10.89,DEBIT_CARD,867.21,,
CREDIT,10/30/2015,"Chase QuickPay Electronic Transfer 4943486947 from GASAN ABDULAEV",500.00,QUICKPAY_CREDIT,878.10,,
DEBIT,10/29/2015,"PAYPAL           INST XFER  STEAM GAMES     WEB ID: PAYPALSI77",-10.00,ACH_DEBIT,378.10,,
DEBIT,10/29/2015,"AMAZON MKTPLACE PMTS AMZN.COM/BILL WA        10/29",-14.13,DEBIT_CARD,388.10,,
DEBIT,10/27/2015,"JIMMY JOHN'S # 90003 E 217-3446200 IL        10/25",-10.84,DEBIT_CARD,402.23,,
DEBIT,10/26/2015,"PAYPAL           INST XFER  STEAM GAMES     WEB ID: PAYPALSI77",-1.74,ACH_DEBIT,413.07,,
DEBIT,10/26/2015,"GOOGLE *GoogleMercha GOOGLE.COM/CH CA        10/24",-1.99,DEBIT_CARD,414.81,,
DEBIT,10/23/2015,"DRI*ARENANET, LLC. 866-367-9516 MN           10/23",-106.24,DEBIT_CARD,416.80,,
DEBIT,10/23/2015,"THINKWELL TEXTBOOKS 888-416-8880 TX          10/21",-92.00,DEBIT_CARD,523.04,,
DEBIT,10/22/2015,"GOLDEN WOK  EATSTREET 866-654-8777 WI        10/22",-15.71,DEBIT_CARD,615.04,,
DEBIT,10/19/2015,"Chase QuickPay Electronic Transfer 4950072306 to Alex Harn",-8.00,QUICKPAY_DEBIT,630.75,,
DEBIT,10/19/2015,"D.P. DOUGH CHAMPAIGN IL                      10/15",-9.89,DEBIT_CARD,638.75,,
CREDIT,10/16/2015,"Chase QuickPay Electronic Transfer 4914610756 from GASAN ABDULAEV",500.00,QUICKPAY_CREDIT,648.64,,
DEBIT,10/15/2015,"RiotGam*LoL LN5WZVHUZ 866-373-9211 CA        10/15",-35.00,DEBIT_CARD,148.64,,
DEBIT,10/14/2015,"Chase QuickPay Electronic Transfer 4938968207 to Willie Zeng",-24.08,QUICKPAY_DEBIT,183.64,,
DEBIT,10/14/2015,"JIMMY JOHN'S # 90003 E 217-3446200 IL        10/12",-20.00,DEBIT_CARD,207.72,,
DEBIT,10/13/2015,"GOG LTD.         IAT PAYPAL J222225S5GCRQ   WEB ID: 770510487C",-24.99,ACH_DEBIT,227.72,,
DEBIT,10/08/2015,"CHOP STIX CHAMPAIGN IL                       10/07",-12.77,DEBIT_CARD,252.71,,
DEBIT,10/07/2015,"EATCU - ECOMM BALTIMORE MD                   10/05",-23.64,DEBIT_CARD,265.48,,
DEBIT,10/06/2015,"Chase QuickPay Electronic Transfer 4923446489 to Willie Zeng",-61.38,QUICKPAY_DEBIT,289.12,,
DEBIT,10/06/2015,"Amazon Services-Kindl 866-321-8851 WA        10/06",-8.99,DEBIT_CARD,350.50,,
DEBIT,10/06/2015,"JIMMY JOHN'S # 90003 E 217-3446200 IL        10/04",-11.00,DEBIT_CARD,359.49,,
CREDIT,10/06/2015,"Chase QuickPay Electronic Transfer 4924617743 from ALEXANDER E HARN",19.00,QUICKPAY_CREDIT,370.49,,
DEBIT,10/05/2015,"Amazon.com AMZN.COM/BILL WA                  10/03",-169.98,DEBIT_CARD,351.49,,
DEBIT,10/05/2015,"EATCU - ECOMM BALTIMORE MD                   10/02",-15.07,DEBIT_CARD,521.47,,
CREDIT,10/02/2015,"Chase QuickPay Electronic Transfer 4885821734 from GASAN ABDULAEV",500.00,QUICKPAY_CREDIT,536.54,,
DEBIT,10/01/2015,"JIMMY JOHN'S # 90003 E 217-3446200 IL        09/29",-9.28,DEBIT_CARD,36.54,,
DEBIT,09/30/2015,"Chase QuickPay Electronic Transfer 4910238501 to Willie Zeng",-522.34,QUICKPAY_DEBIT,45.82,,
DEBIT,09/30/2015,"Online Transfer to  SAV ...3980 transaction#: 4847517463",-25.00,ACCT_XFER,568.16,,
DEBIT,09/29/2015,"AMAZON MKTPLACE PMTS AMZN.COM/BILL WA        09/29",-15.29,DEBIT_CARD,593.16,,
DEBIT,09/28/2015,"D.P. DOUGH CHAMPAIGN IL                      09/26",-11.39,DEBIT_CARD,608.45,,
CREDIT,09/28/2015,"Chase QuickPay Electronic Transfer 4903692199 from WILLIE ZENG",30.38,QUICKPAY_CREDIT,619.84,,
CREDIT,09/28/2015,"Chase QuickPay Electronic Transfer 4904004018 from ALEXANDER E HARN",30.38,QUICKPAY_CREDIT,589.46,,
DEBIT,09/25/2015,"CRAVINGS CHAMPAIGN IL                        09/24",-6.81,DEBIT_CARD,559.08,,
DEBIT,09/23/2015,"NOODLES & COMPANY 9502 CHAMPAIGN IL          09/22",-9.19,DEBIT_CARD,565.89,,
DEBIT,09/22/2015,"COUNTY MARKET 515 CHAMPAIGN IL       141452  09/22",-13.27,DEBIT_CARD,575.08,,
DEBIT,09/22/2015,"AMAZON MKTPLACE PMTS AMZN.COM/BILL WA        09/22",-12.03,DEBIT_CARD,588.35,,
DEBIT,09/22/2015,"JIMMY JOHN'S # 90003 E 217-3446200 IL        09/21",-13.28,DEBIT_CARD,600.38,,
DEBIT,09/21/2015,"AMAZON MKTPLACE PMTS AMZN.COM/BILL WA        09/21",-14.07,DEBIT_CARD,613.66,,
DEBIT,09/21/2015,"JOE'S BREWERY CHAMPAIGN IL                   09/19",-10.74,DEBIT_CARD,627.73,,
DEBIT,09/21/2015,"D.P. DOUGH CHAMPAIGN IL                      09/18",-9.89,DEBIT_CARD,638.47,,
CREDIT,09/18/2015,"Chase QuickPay Electronic Transfer 4859854900 from GASAN ABDULAEV",500.00,QUICKPAY_CREDIT,648.36,,
DEBIT,09/17/2015,"PAYPAL           INST XFER  RIOTGAMESIN     WEB ID: PAYPALSI77",-35.00,ACH_DEBIT,148.36,,
DEBIT,09/17/2015,"JIMMY JOHN'S # 90003 E 217-3446200 IL        09/15",-9.50,DEBIT_CARD,183.36,,
DEBIT,09/16/2015,"Chase QuickPay Electronic Transfer 4881565495 to Willie Zeng",-38.55,QUICKPAY_DEBIT,192.86,,
CREDIT,09/16/2015,"Chase QuickPay Electronic Transfer 4881565026 from ALEXANDER E HARN",200.00,QUICKPAY_CREDIT,231.41,,
DEBIT,09/15/2015,"EATCU - ECOMM BALTIMORE MD                   09/13",-16.90,DEBIT_CARD,31.41,,
DEBIT,09/14/2015,"CHATIME CHAMPAIGN IL                         09/12",-5.20,DEBIT_CARD,48.31,,
DEBIT,09/14/2015,"Amazon.com AMZN.COM/BILL WA                  09/13",-25.64,DEBIT_CARD,53.51,,
DEBIT,09/14/2015,"AMAZON MKTPLACE PMTS AMZN.COM/BILL WA        09/12",-5.79,DEBIT_CARD,79.15,,
DEBIT,09/14/2015,"AMAZON MKTPLACE PMTS AMZN.COM/BILL WA        09/12",-4.99,DEBIT_CARD,84.94,,
CREDIT,09/14/2015,"Chase QuickPay Electronic Transfer 4875615125 from ALEXANDER E HARN",25.64,QUICKPAY_CREDIT,89.93,,
DEBIT,09/11/2015,"Amazon.com AMZN.COM/BILL WA                  09/10",-131.68,DEBIT_CARD,64.29,,
DEBIT,09/09/2015,"Amazon.com AMZN.COM/BILL WA                  09/08",-1106.70,DEBIT_CARD,195.97,,
DEBIT,09/09/2015,"AMAZON MKTPLACE PMTS AMZN.COM/BILL WA        09/08",-38.20,DEBIT_CARD,1302.67,,
DEBIT,09/08/2015,"WWW.NEWEGG.COM 800-390-1119 CA               09/08",-69.99,DEBIT_CARD,1340.87,,
DEBIT,09/08/2015,"D.P. DOUGH CHAMPAIGN IL                      09/06",-11.89,DEBIT_CARD,1410.86,,
DEBIT,09/08/2015,"GOOGLE *FBReader GOOGLE.COM/CH CA            09/06",-4.99,DEBIT_CARD,1422.75,,
DEBIT,09/08/2015,"CHOP STIX CHAMPAIGN IL                       09/05",-21.74,DEBIT_CARD,1427.74,,
DEBIT,09/08/2015,"JIMMY JOHN'S # 90003 E 217-3446200 IL        09/03",-11.17,DEBIT_CARD,1449.48,,
CREDIT,09/08/2015,"Online Transfer from SAV ...3980 transaction#: 4863986708",150.00,ACCT_XFER,1460.65,,
DEBIT,09/04/2015,"Chase QuickPay Electronic Transfer 4859121092 to Willie Zeng",-53.69,QUICKPAY_DEBIT,1310.65,,
CREDIT,09/04/2015,"Chase QuickPay Electronic Transfer 4830023125 from GASAN ABDULAEV",500.00,QUICKPAY_CREDIT,1364.34,,
DEBIT,09/01/2015,"GOOGLE *Krzysztof G GOOGLE.COM/CH CA         08/31",-1.99,DEBIT_CARD,864.34,,
DEBIT,08/31/2015,"PAYPAL           INST XFER  STEAM GAMES     WEB ID: PAYPALSI77",-59.99,ACH_DEBIT,866.33,,
DEBIT,08/31/2015,"Online Transfer to  SAV ...3980 transaction#: 4785861203",-25.00,ACCT_XFER,926.32,,
DEBIT,08/31/2015,"Chase QuickPay Electronic Transfer 4845413189 to Willie Zeng",-522.34,QUICKPAY_DEBIT,951.32,,
DEBIT,08/26/2015,"ATM WITHDRAWAL                       008951  08/25501 E GRE",-60.00,ATM,1473.66,,
DEBIT,08/24/2015,"Chase QuickPay Electronic Transfer 4835089674 to Willie Zeng",-13.33,QUICKPAY_DEBIT,1533.66,,
CREDIT,08/24/2015,"Chase QuickPay Electronic Transfer 4831809647 from WILLIE ZENG",141.32,QUICKPAY_CREDIT,1546.99,,
DEBIT,08/21/2015,"WARBY PARKER 888-492-7297 NY                 08/20",-1.45,DEBIT_CARD,1405.67,,
DEBIT,08/21/2015,"WARBY PARKER 888-492-7297 NY                 08/20",-145.00,DEBIT_CARD,1407.12,,
DEBIT,08/21/2015,"MOES SOUTHWEST12212841 ELIZABETH NJ          08/20",-10.22,DEBIT_CARD,1552.12,,
DEBIT,08/21/2015,"ZEST - NY NEW YORK NY                        08/19",-66.00,DEBIT_CARD,1562.34,,
CREDIT,08/21/2015,"Chase QuickPay Electronic Transfer 4800916937 from GASAN ABDULAEV",500.00,QUICKPAY_CREDIT,1628.34,,
DEBIT,08/20/2015,"MTA MVM*14TH STREET & 6 NEW YORK NY          08/19",-10.00,DEBIT_CARD,1128.34,,
DEBIT,08/20/2015,"VENMO 855-812-4430 NY                        08/19",-200.00,DEBIT_CARD,1138.34,,
DEBIT,08/19/2015,"THRIVE JUICE BAR & KITC BAR HARBOR ME        08/17",-10.93,DEBIT_CARD,1338.34,,
DEBIT,08/19/2015,"BAR HARBOR BREWING BAR HARBOR ME             08/17",-8.73,DEBIT_CARD,1349.27,,
DEBIT,08/17/2015,"PAYPAL           INST XFER  RIOTGAMESIN     WEB ID: PAYPALSI77",-35.00,ACH_DEBIT,1358.00,,
DEBIT,08/14/2015,"PAYPAL           INST XFER  STEAM GAMES     WEB ID: PAYPALSI77",-3.99,ACH_DEBIT,1393.00,,
DEBIT,08/14/2015,"BENSONHURST FAMILY VIS BROOKLYN NY   901801  08/14",-150.00,DEBIT_CARD,1396.99,,
DEBIT,08/10/2015,"MARU NEW YORK NY                             08/09",-21.78,DEBIT_CARD,1546.99,,
DEBIT,08/10/2015,"MARU NEW YORK NY                             08/09",-22.78,DEBIT_CARD,1568.77,,
DEBIT,08/10/2015,"MARU NEW YORK NY                             08/09",-21.78,DEBIT_CARD,1591.55,,
DEBIT,08/07/2015,"ATM WITHDRAWAL                       008604  08/078418 BAY",-80.00,ATM,1613.33,,
DEBIT,08/07/2015,"BENSONHURST FAMILY VIS BROOKLYN NY   905392  08/07",-55.00,DEBIT_CARD,1693.33,,
CREDIT,08/07/2015,"Chase QuickPay Electronic Transfer 4771436630 from GASAN ABDULAEV",500.00,QUICKPAY_CREDIT,1748.33,,
DEBIT,08/04/2015,"CONVERSE INC 888-792-3307 MA                 08/03",-70.00,DEBIT_CARD,1248.33,,
DEBIT,07/31/2015,"Chase QuickPay Electronic Transfer 4784208737 to Willie Zeng",-522.34,QUICKPAY_DEBIT,1318.33,,
DEBIT,07/31/2015,"Online Transfer to  SAV ...3980 transaction#: 4722505413",-25.00,ACCT_XFER,1840.67,,
CREDIT,07/27/2015,"Chase QuickPay Electronic Transfer 4744572764 from GASAN ABDULAEV",500.00,QUICKPAY_CREDIT,1865.67,,
DEBIT,07/23/2015,"Chase QuickPay Electronic Transfer 4770481370 to Willie Zeng",-141.32,QUICKPAY_DEBIT,1365.67,,
CREDIT,07/23/2015,"Chase QuickPay Electronic Transfer 4766128452 from MATTHEW WONG",11.77,QUICKPAY_CREDIT,1506.99,,
DEBIT,07/13/2015,"Chase QuickPay Electronic Transfer 4746879681 to Willie Zeng",-45.82,QUICKPAY_DEBIT,1495.22,,
CREDIT,07/10/2015,"Chase QuickPay Electronic Transfer 4714750050 from GASAN ABDULAEV",500.00,QUICKPAY_CREDIT,1541.04,,
DEBIT,07/02/2015,"PAYPAL           INST XFER  RIOTGAMESIN     WEB ID: PAYPALSI77",-35.00,ACH_DEBIT,1041.04,,
DEBIT,06/30/2015,"Online Transfer to  SAV ...3980 transaction#: 4657983983",-25.00,ACCT_XFER,1076.04,,
DEBIT,06/29/2015,"PAYPAL           INST XFER  STEAM GAMES     WEB ID: PAYPALSI77",-5.83,ACH_DEBIT,1101.04,,
DEBIT,06/29/2015,"VENMO 855-812-4430 NY                        06/27",-4.00,DEBIT_CARD,1106.87,,
DEBIT,06/26/2015,"ATM WITHDRAWAL                       003969  06/268418 BAY",-40.00,ATM,1110.87,,
CREDIT,06/26/2015,"Chase QuickPay Electronic Transfer 4687582390 from GASAN ABDULAEV",500.00,QUICKPAY_CREDIT,1150.87,,
DEBIT,06/22/2015,"PAYPAL           INST XFER  STEAM GAMES     WEB ID: PAYPALSI77",-11.99,ACH_DEBIT,650.87,,
DEBIT,06/22/2015,"PAYPAL           INST XFER  STEAM GAMES     WEB ID: PAYPALSI77",-23.99,ACH_DEBIT,662.86,,
DEBIT,06/22/2015,"AMAZON MKTPLACE PMTS AMZN.COM/BILL WA        06/22",-64.40,DEBIT_CARD,686.85,,
DEBIT,06/22/2015,"BAGEL BOY - 3RD AVE BROOKLYN NY              06/20",-7.99,DEBIT_CARD,751.25,,
DEBIT,06/19/2015,"PAYPAL           INST XFER  STEAM GAMES     WEB ID: PAYPALSI77",-4.94,ACH_DEBIT,759.24,,
DEBIT,06/19/2015,"PAYPAL           INST XFER  STEAM GAMES     WEB ID: PAYPALSI77",-8.99,ACH_DEBIT,764.18,,
DEBIT,06/18/2015,"PAYPAL           INST XFER  STEAM GAMES     WEB ID: PAYPALSI77",-1.99,ACH_DEBIT,773.17,,
DEBIT,06/18/2015,"PAYPAL           INST XFER  STEAM GAMES     WEB ID: PAYPALSI77",-4.99,ACH_DEBIT,775.16,,
DEBIT,06/18/2015,"Amazon.com AMZN.COM/BILL WA                  06/18",-5.76,DEBIT_CARD,780.15,,
DEBIT,06/16/2015,"PAYPAL           INST XFER  STEAM GAMES     WEB ID: PAYPALSI77",-10.19,ACH_DEBIT,785.91,,
DEBIT,06/15/2015,"PAYPAL           INST XFER  STEAM GAMES     WEB ID: PAYPALSI77",-25.19,ACH_DEBIT,796.10,,
DEBIT,06/15/2015,"VENMO 855-812-4430 NY                        06/13",-5.50,DEBIT_CARD,821.29,,
DEBIT,06/15/2015,"VENMO 855-812-4430 NY                        06/13",-30.00,DEBIT_CARD,826.79,,
DEBIT,06/12/2015,"PAYPAL           INST XFER  STEAM GAMES     WEB ID: PAYPALSI77",-7.49,ACH_DEBIT,856.79,,
DEBIT,06/12/2015,"PAYPAL           INST XFER  STEAM GAMES     WEB ID: PAYPALSI77",-9.99,ACH_DEBIT,864.28,,
DEBIT,06/12/2015,"ATM WITHDRAWAL                       006261  06/128418 BAY",-20.00,ATM,874.27,,
CREDIT,06/12/2015,"Chase QuickPay Electronic Transfer 4657333695 from GASAN ABDULAEV",500.00,QUICKPAY_CREDIT,894.27,,
DEBIT,06/09/2015,"PAYPAL           INST XFER  STEAM GAMES     WEB ID: PAYPALSI77",-9.99,ACH_DEBIT,394.27,,
DEBIT,06/09/2015,"VENMO 855-812-4430 NY                        06/08",-10.00,DEBIT_CARD,404.26,,
DEBIT,06/08/2015,"Chase QuickPay Electronic Transfer 4672866103 to Willie Zeng",-30.40,QUICKPAY_DEBIT,414.26,,
DEBIT,06/08/2015,"VENMO 855-812-4430 NY                        06/06",-23.00,DEBIT_CARD,444.66,,
DEBIT,06/05/2015,"PAYPAL           INST XFER  STEAM GAMES     WEB ID: PAYPALSI77",-11.99,ACH_DEBIT,467.66,,
DEBIT,06/02/2015,"Professional Pro RESIDENT    36517238       WEB ID: 2273639005",-1567.00,ACH_DEBIT,479.65,,
CREDIT,06/01/2015,"Chase QuickPay Electronic Transfer 4665349827 from ALEXANDER E HARN",522.34,QUICKPAY_CREDIT,2046.65,,
DEBIT,05/29/2015,"Online Transfer to  SAV ...3980 transaction#: 4598441364",-25.00,ACCT_XFER,1524.31,,
CREDIT,05/29/2015,"Chase QuickPay Electronic Transfer 4630701748 from GASAN ABDULAEV",500.00,QUICKPAY_CREDIT,1549.31,,
CREDIT,05/29/2015,"Chase QuickPay Electronic Transfer 4638610663 from WILLIE ZENG",522.34,QUICKPAY_CREDIT,1049.31,,
DEBIT,05/27/2015,"PAYPAL           INST XFER  RIOTGAMESIN     WEB ID: PAYPALSI77",-20.00,ACH_DEBIT,526.97,,
DEBIT,05/27/2015,"AmazonPrime Membersh amzn.com/prme NV        05/26",-49.00,DEBIT_CARD,546.97,,
DEBIT,05/21/2015,"GOOGLE *MoonReaderPr GOOGLE.COM/CH CA        05/20",-4.99,DEBIT_CARD,595.97,,
DEBIT,05/18/2015,"PAYPAL           INST XFER  STEAM GAMES     WEB ID: PAYPALSI77",-13.59,ACH_DEBIT,600.96,,
DEBIT,05/15/2015,"PAYPAL           INST XFER  STEAM GAMES     WEB ID: PAYPALSI77",-4.99,ACH_DEBIT,614.55,,
CREDIT,05/15/2015,"Chase QuickPay Electronic Transfer 4600664525 from GASAN ABDULAEV",500.00,QUICKPAY_CREDIT,619.54,,
DEBIT,05/12/2015,"EATCU - ECOMM BALTIMORE MD                   05/11",-21.30,DEBIT_CARD,119.54,,
DEBIT,05/11/2015,"PAYPAL           INST XFER  COURSE HERO     WEB ID: PAYPALSI77",-39.95,ACH_DEBIT,140.84,,
DEBIT,05/11/2015,"JIMMY JOHN'S # 90003 E 217-3446200 IL        05/08",-11.34,DEBIT_CARD,180.79,,
DEBIT,05/08/2015,"D.P. DOUGH CHAMPAIGN IL                      05/06",-11.63,DEBIT_CARD,192.13,,
DEBIT,05/07/2015,"PAYPAL           INST XFER  RIOTGAMESIN     WEB ID: PAYPALSI77",-35.00,ACH_DEBIT,203.76,,
DEBIT,05/05/2015,"EATCU - ECOMM BALTIMORE MD                   05/03",-19.30,DEBIT_CARD,238.76,,
DEBIT,05/04/2015,"Uber Technologies Inc 866-5761039 CA         05/01",-10.13,DEBIT_CARD,258.06,,
DEBIT,05/04/2015,"Chase QuickPay Electronic Transfer 4607627399 to Willie Zeng",-16.67,QUICKPAY_DEBIT,268.19,,
DEBIT,05/04/2015,"Chase QuickPay Electronic Transfer 4607617271 to Willie Zeng",-40.77,QUICKPAY_DEBIT,284.86,,
DEBIT,05/04/2015,"Amazon.com AMZN.COM/BILL WA                  05/02",-371.86,DEBIT_CARD,325.63,,
DEBIT,05/04/2015,"MCDONALD'S F36750 CHAMPAIGN IL               05/01",-5.25,DEBIT_CARD,697.49,,
DEBIT,05/01/2015,"SAVOY 16 800-473-3523 IL                     04/30",-17.25,DEBIT_CARD,702.74,,
DEBIT,05/01/2015,"SAVOY 16 800-473-3523 IL                     04/30",-34.50,DEBIT_CARD,719.99,,
CREDIT,05/01/2015,"Chase QuickPay Electronic Transfer 4573701311 from GASAN ABDULAEV",500.00,QUICKPAY_CREDIT,754.49,,
DEBIT,04/30/2015,"Chase QuickPay Electronic Transfer 4600113553 to Willie Zeng",-522.34,QUICKPAY_DEBIT,254.49,,
DEBIT,04/30/2015,"Online Transfer to  SAV ...3980 transaction#: 4537356017",-25.00,ACCT_XFER,776.83,,
DEBIT,04/30/2015,"EATCU - ECOMM BALTIMORE MD                   04/28",-16.07,DEBIT_CARD,801.83,,
DEBIT,04/27/2015,"JIMMY JOHN'S # 90003 E 217-3446200 IL        04/26",-9.70,DEBIT_CARD,817.90,,
DEBIT,04/27/2015,"GOOGLE *NateWrenDesi GOOGLE.COM/CH CA        04/26",-1.39,DEBIT_CARD,827.60,,
DEBIT,04/23/2015,"GOLDEN WOK  EATSTREET 866-654-8777 WI        04/22",-22.70,DEBIT_CARD,828.99,,
DEBIT,04/20/2015,"D.P. DOUGH CHAMPAIGN IL                      04/18",-14.84,DEBIT_CARD,851.69,,
DEBIT,04/20/2015,"Amazon.com AMZN.COM/BILL WA                  04/17",-53.07,DEBIT_CARD,866.53,,
DEBIT,04/17/2015,"BANGKOK THAI INC CHAMPAIGN IL                04/16",-5.95,DEBIT_CARD,919.60,,
CREDIT,04/17/2015,"Chase QuickPay Electronic Transfer 4545228213 from GASAN ABDULAEV",500.00,QUICKPAY_CREDIT,925.55,,
DEBIT,04/13/2015,"TMOBILE HANDSET 800-937-8997 WA              04/12",-60.33,DEBIT_CARD,425.55,,
DEBIT,04/13/2015,"DOMINO'S 2921 636-947-4433 IL                04/12",-17.31,DEBIT_CARD,485.88,,
DEBIT,04/10/2015,"Chase QuickPay Electronic Transfer 4559184683 to Willie Zeng",-43.14,QUICKPAY_DEBIT,503.19,,
DEBIT,04/10/2015,"D.P. DOUGH CHAMPAIGN IL                      04/08",-11.63,DEBIT_CARD,546.33,,
DEBIT,04/09/2015,"JIMMY JOHN'S # 90003 E 217-3446200 IL        04/07",-11.17,DEBIT_CARD,557.96,,
DEBIT,04/08/2015,"PAYPAL           INST XFER  STEAM GAMES     WEB ID: PAYPALSI77",-59.99,ACH_DEBIT,569.13,,
DEBIT,04/08/2015,"Chase QuickPay Electronic Transfer 4555182363 to Willie Zeng",-45.72,QUICKPAY_DEBIT,629.12,,
DEBIT,04/07/2015,"CHOP STIX CHAMPAIGN IL                       04/06",-13.77,DEBIT_CARD,674.84,,
DEBIT,04/06/2015,"GOLDEN WOK  EATSTREET 866-654-8777 WI        04/03",-15.89,DEBIT_CARD,688.61,,
DEBIT,04/06/2015,"PAYPAL           INST XFER  FOCUSEPARTS     WEB ID: PAYPALSI77",-18.52,ACH_DEBIT,704.50,,
DEBIT,04/06/2015,"EA *ORIGIN.COM help.ea.com CA                04/05",-21.24,DEBIT_CARD,723.02,,
DEBIT,04/06/2015,"GOLDEN WOK  EATSTREET 866-654-8777 WI        04/04",-26.39,DEBIT_CARD,744.26,,
DEBIT,04/06/2015,"D.P. DOUGH CHAMPAIGN IL                      04/02",-11.63,DEBIT_CARD,770.65,,
CREDIT,04/03/2015,"Chase QuickPay Electronic Transfer 4516716504 from GASAN ABDULAEV",500.00,QUICKPAY_CREDIT,782.28,,
DEBIT,04/02/2015,"ADY*Spotify USA 646-8375380 NY               04/01",-9.99,DEBIT_CARD,282.28,,
DEBIT,04/02/2015,"PAYPAL           INST XFER  RIOTGAMESIN     WEB ID: PAYPALSI77",-35.00,ACH_DEBIT,292.27,,
DEBIT,04/02/2015,"Amazon Services-Kindl 866-321-8851 WA        04/02",-43.27,DEBIT_CARD,327.27,,
DEBIT,04/01/2015,"JIMMY JOHN'S # 90003 E 217-3446200 IL        03/30",-11.17,DEBIT_CARD,370.54,,
DEBIT,03/31/2015,"Online Transfer to  SAV ...3980 transaction#: 4472644782",-25.00,ACCT_XFER,381.71,,
DEBIT,03/31/2015,"Chase QuickPay Electronic Transfer 4536372881 to Willie Zeng",-532.08,QUICKPAY_DEBIT,406.71,,
DEBIT,03/31/2015,"DOMINO'S 2921 636-947-4433 IL                03/31",-17.31,DEBIT_CARD,938.79,,
DEBIT,03/30/2015,"CHIPOTLE 2253 BROOKLYN NY                    03/28",-9.00,DEBIT_CARD,956.10,,
DEBIT,03/30/2015,"SUBURBAN EXPRESS 217-3445500 IL              03/28",-23.70,DEBIT_CARD,965.10,,
DEBIT,03/27/2015,"PAYPAL           INST XFER  STEAM GAMES     WEB ID: PAYPALSI77",-44.99,ACH_DEBIT,988.80,,
DEBIT,03/23/2015,"D.P. DOUGH CHAMPAIGN IL                      03/20",-12.32,DEBIT_CARD,1033.79,,
DEBIT,03/23/2015,"SUBURBAN EXPRESS 217-3445500 IL              03/20",-32.95,DEBIT_CARD,1046.11,,
DEBIT,03/20/2015,"JIMMY JOHN'S # 90003 E 217-3446200 IL        03/18",-9.28,DEBIT_CARD,1079.06,,
CREDIT,03/20/2015,"Chase QuickPay Electronic Transfer 4488846895 from GASAN ABDULAEV",500.00,QUICKPAY_CREDIT,1088.34,,
CREDIT,03/20/2015,"Chase QuickPay Electronic Transfer 4517884851 from GASAN ABDULAEV",500.00,QUICKPAY_CREDIT,588.34,,
DEBIT,03/18/2015,"SUBURBAN EXPRESS 217-3445500 IL              03/17",-32.95,DEBIT_CARD,88.34,,
DEBIT,03/17/2015,"THINKWELL TEXTBOOKS 888-416-8880 TX          03/16",-100.17,DEBIT_CARD,121.29,,
DEBIT,03/16/2015,"D.P. DOUGH CHAMPAIGN IL                      03/13",-19.51,DEBIT_CARD,221.46,,
CREDIT,03/16/2015,"Chase QuickPay Electronic Transfer 4505637096 from WILLIE ZENG",37.01,QUICKPAY_CREDIT,240.97,,
DEBIT,03/13/2015,"EATCU - ECOMM BALTIMORE MD                   03/11",-15.57,DEBIT_CARD,203.96,,
CREDIT,03/13/2015,"Chase QuickPay Electronic Transfer 4504952686 from ALEXANDER E HARN",46.01,QUICKPAY_CREDIT,219.53,,
DEBIT,03/12/2015,"JIMMY JOHN'S # 90003 E 217-3446200 IL        03/10",-9.28,DEBIT_CARD,173.52,,
DEBIT,03/11/2015,"COUNTY MARKET 515 CHAMPAIGN IL       242784  03/11",-111.03,DEBIT_CARD,182.80,,
DEBIT,03/10/2015,"Amazon.com AMZN.COM/BILL WA                  03/09",-6.30,DEBIT_CARD,293.83,,
DEBIT,03/10/2015,"AMAZON MKTPLACE PMTS AMZN.COM/BILL WA        03/09",-18.15,DEBIT_CARD,300.13,,
DEBIT,03/10/2015,"D.P. DOUGH CHAMPAIGN IL                      03/07",-11.63,DEBIT_CARD,318.28,,
DEBIT,03/09/2015,"BLIZZARD ENT*WOW SUB BLIZZARD.COM CA         03/08",-15.93,DEBIT_CARD,329.91,,
DEBIT,03/09/2015,"T-MOBILE.COM*PAYMENT 800-937-8997 WA         03/06",-76.54,DEBIT_CARD,345.84,,
DEBIT,03/06/2015,"Chase QuickPay Electronic Transfer 4490206946 to Willie Zeng",-60.89,QUICKPAY_DEBIT,422.38,,
DEBIT,03/06/2015,"Chase QuickPay Electronic Transfer 4490206383 to Willie Zeng",-36.26,QUICKPAY_DEBIT,483.27,,
CREDIT,03/06/2015,"Chase QuickPay Electronic Transfer 4458376022 from GASAN ABDULAEV",500.00,QUICKPAY_CREDIT,519.53,,
DEBIT,03/05/2015,"JIMMY JOHN'S # 90003 E 217-3446200 IL        03/03",-9.18,DEBIT_CARD,19.53,,
DEBIT,03/03/2015,"D.P. DOUGH CHAMPAIGN IL                      03/01",-11.63,DEBIT_CARD,28.71,,
DEBIT,03/02/2015,"PAYPAL           INST XFER  SKILLCAPPED     WEB ID: PAYPALSI77",-4.95,ACH_DEBIT,40.34,,
DEBIT,03/02/2015,"Chase QuickPay Electronic Transfer 4476826059 to Willie Zeng",-522.34,QUICKPAY_DEBIT,45.29,,
CREDIT,03/02/2015,"Online Transfer from SAV ...3980 transaction#: 4478231210",25.00,ACCT_XFER,567.63,,
DEBIT,02/27/2015,"Online Transfer to  SAV ...3980 transaction#: 4415870317",-25.00,ACCT_XFER,542.63,,
DEBIT,02/23/2015,"DOMINO'S 2921 636-947-4433 IL                02/23",-19.49,DEBIT_CARD,567.63,,
DEBIT,02/23/2015,"CHOP STIX CHAMPAIGN IL                       02/21",-12.84,DEBIT_CARD,587.12,,
CREDIT,02/20/2015,"Chase QuickPay Electronic Transfer 4431441492 from GASAN ABDULAEV",500.00,QUICKPAY_CREDIT,599.96,,
DEBIT,02/19/2015,"Amazon.com AMZN.COM/BILL WA                  02/19",-6.30,DEBIT_CARD,99.96,,
DEBIT,02/18/2015,"PAYPAL           INST XFER  HUMBLEBUNDL     WEB ID: PAYPALSI77",-6.50,ACH_DEBIT,106.26,,
DEBIT,02/11/2015,"Chase QuickPay Electronic Transfer 4441361436 to Willie Zeng",-9.05,QUICKPAY_DEBIT,112.76,,
DEBIT,02/11/2015,"Chase QuickPay Electronic Transfer 4441360803 to Willie Zeng",-17.42,QUICKPAY_DEBIT,121.81,,
DEBIT,02/11/2015,"Chase QuickPay Electronic Transfer 4441360234 to Willie Zeng",-39.20,QUICKPAY_DEBIT,139.23,,
DEBIT,02/11/2015,"T-MOBILE.COM*PAYMENT 800-937-8997 WA         02/11",-70.33,DEBIT_CARD,178.43,,
DEBIT,02/09/2015,"PAYPAL           INST XFER  HUMBLEBUNDL     WEB ID: PAYPALSI77",-12.00,ACH_DEBIT,248.76,,
DEBIT,02/09/2015,"PAYPAL           INST XFER  ELITEKEYBRD     WEB ID: PAYPALSI77",-244.59,ACH_DEBIT,260.76,,
DEBIT,02/09/2015,"ASK MR. ROBOT 6507626814 CA                  02/08",-12.00,DEBIT_CARD,505.35,,
DEBIT,02/09/2015,"Chase QuickPay Electronic Transfer 4433593765 to Willie Zeng",-25.10,QUICKPAY_DEBIT,517.35,,
DEBIT,02/09/2015,"AMAZON MKTPLACE PMTS AMZN.COM/BILL WA        02/07",-7.49,DEBIT_CARD,542.45,,
CREDIT,02/06/2015,"Chase QuickPay Electronic Transfer 4402243223 from GASAN ABDULAEV",500.00,QUICKPAY_CREDIT,549.94,,
DEBIT,02/05/2015,"JIMMY JOHN'S # 90003 E 217-3446200 IL        02/03",-11.18,DEBIT_CARD,49.94,,
DEBIT,02/02/2015,"Amazon.com AMZN.COM/BILL WA                  01/31",-68.99,DEBIT_CARD,61.12,,
DEBIT,02/02/2015,"D.P. DOUGH CHAMPAIGN IL                      01/29",-13.58,DEBIT_CARD,130.11,,
DEBIT,01/30/2015,"Chase QuickPay Electronic Transfer 4417370550 to Willie Zeng",-12.33,QUICKPAY_DEBIT,143.69,,
DEBIT,01/30/2015,"Chase QuickPay Electronic Transfer 4417366705 to Willie Zeng",-522.34,QUICKPAY_DEBIT,156.02,,
DEBIT,01/30/2015,"Online Transfer to  SAV ...3980 transaction#: 4356157500",-25.00,ACCT_XFER,678.36,,
CREDIT,01/30/2015,"Chase QuickPay Electronic Transfer 4417361460 from ALEXANDER E HARN",22.90,QUICKPAY_CREDIT,703.36,,
CREDIT,01/30/2015,"Online Transfer from SAV ...3980 transaction#: 4417361305",85.00,ACCT_XFER,680.46,,
DEBIT,01/26/2015,"Amazon.com AMZN.COM/BILL WA                  01/24",-264.99,DEBIT_CARD,595.46,,
DEBIT,01/26/2015,"EATCU - ECOMM BALTIMORE MD                   01/23",-23.30,DEBIT_CARD,860.45,,
DEBIT,01/23/2015,"BLIZZARD ENT*WOW CHAR 800-592-5499 CA        01/22",-10.89,DEBIT_CARD,883.75,,
CREDIT,01/23/2015,"Chase QuickPay Electronic Transfer 4376781220 from GASAN ABDULAEV",500.00,QUICKPAY_CREDIT,894.64,,
DEBIT,01/16/2015,"TRANSCRIPTS ON DEMAND 800-7367319 OH         01/15",-8.00,DEBIT_CARD,394.64,,
DEBIT,01/12/2015,"Chase QuickPay Electronic Transfer 4381594663 to Willie Zeng",-45.69,QUICKPAY_DEBIT,402.64,,
DEBIT,01/12/2015,"T-MOBILE.COM*PAYMENT 800-937-8997 WA         01/11",-70.21,DEBIT_CARD,448.33,,
DEBIT,01/09/2015,"ATM WITHDRAWAL                       001502  01/098418 BAY",-120.00,ATM,518.54,,
CREDIT,01/09/2015,"Chase QuickPay Electronic Transfer 4346829479 from GASAN ABDULAEV",500.00,QUICKPAY_CREDIT,638.54,,
DEBIT,01/05/2015,"GOOGLE *FLEKSY GOOGLE.COM/CH CA              01/04",-0.99,DEBIT_CARD,138.54,,
DEBIT,01/05/2015,"Amazon.com AMZN.COM/BILL WA                  01/03",-30.47,DEBIT_CARD,139.53,,
DEBIT,01/02/2015,"GOOGLE *Martin Stava GOOGLE.COM/CH CA        01/02",-4.49,DEBIT_CARD,170.00,,
DEBIT,01/02/2015,"GOOGLE *IRONHIDE GOOGLE.COM/CH CA            01/01",-2.99,DEBIT_CARD,174.49,,
DEBIT,01/02/2015,"ADY*Spotify USA 646-8375380 NY               12/31",-9.99,DEBIT_CARD,177.48,,
DEBIT,12/31/2014,"Online Transfer to  SAV ...3980 transaction#: 4293165174",-25.00,ACCT_XFER,187.47,,
DEBIT,12/29/2014,"BLIZZARD ENT*ONL STOR 800-592-5499 CA        12/29",-65.33,DEBIT_CARD,212.47,,
DEBIT,12/29/2014,"GOOGLE *Vertumus GOOGLE.COM/CH CA            12/29",-0.99,DEBIT_CARD,277.80,,
DEBIT,12/29/2014,"GOOGLE *SQUARE ENIX GOOGLE.COM/CH CA         12/28",-7.99,DEBIT_CARD,278.79,,
DEBIT,12/29/2014,"Chase QuickPay Electronic Transfer 4350096516 to Willie Zeng",-522.34,QUICKPAY_DEBIT,286.78,,
DEBIT,12/29/2014,"GOOGLE *mowmo e sain GOOGLE.COM/CH CA        12/27",-0.99,DEBIT_CARD,809.12,,
DEBIT,12/29/2014,"GOOGLE *mowmo e sain GOOGLE.COM/CH CA        12/27",-0.99,DEBIT_CARD,810.11,,
CREDIT,12/26/2014,"Chase QuickPay Electronic Transfer 4321394895 from GASAN ABDULAEV",500.00,QUICKPAY_CREDIT,811.10,,
DEBIT,12/22/2014,"VENMO 855-812-4430 NY                        12/19",-100.00,DEBIT_CARD,311.10,,
DEBIT,12/18/2014,"DOMINO'S 2921 636-947-4433 IL                12/18",-17.24,DEBIT_CARD,411.10,,
DEBIT,12/18/2014,"JIMMY JOHN'S # 90003 E 217-3446200 IL        12/16",-10.93,DEBIT_CARD,428.34,,
DEBIT,12/16/2014,"D.P. DOUGH CHAMPAIGN IL                      12/14",-14.08,DEBIT_CARD,439.27,,
DEBIT,12/15/2014,"ANTONIOS PIZZA - NEW CHAMPAIGN IL            12/14",-7.55,DEBIT_CARD,453.35,,
DEBIT,12/15/2014,"Chase QuickPay Electronic Transfer 4322875432 to Willie Zeng",-46.49,QUICKPAY_DEBIT,460.90,,
DEBIT,12/15/2014,"PEORIA CHARTER COACH CO 3096889523 IL        12/13",-55.00,DEBIT_CARD,507.39,,
DEBIT,12/15/2014,"Amazon.com AMZN.COM/BILL WA                  12/13",-39.99,DEBIT_CARD,562.39,,
CREDIT,12/12/2014,"Chase QuickPay Electronic Transfer 4292633116 from GASAN ABDULAEV",500.00,QUICKPAY_CREDIT,602.38,,
DEBIT,12/08/2014,"Chase QuickPay Electronic Transfer 4303015738 to Willie Zeng",-13.33,QUICKPAY_DEBIT,102.38,,
DEBIT,12/08/2014,"GRUBHUB FOOD ORDER 877-585-7878 IL           12/05",-13.28,DEBIT_CARD,115.71,,
DEBIT,12/05/2014,"GOOGLE *FLEKSY GOOGLE.COM/CH CA              12/05",-1.99,DEBIT_CARD,128.99,,
DEBIT,12/05/2014,"JIMMY JOHN'S # 90003 E 217-3446200 IL        12/03",-19.55,DEBIT_CARD,130.98,,
DEBIT,12/03/2014,"T-MOBILE.COM*PAYMENT 800-937-8997 WA         12/03",-20.21,DEBIT_CARD,150.53,,
DEBIT,12/03/2014,"JIMMY JOHN'S # 90003 E 217-3446200 IL        12/02",-10.93,DEBIT_CARD,170.74,,
DEBIT,12/02/2014,"Chase QuickPay Electronic Transfer 4303486446 to Willie Zeng",-15.53,QUICKPAY_DEBIT,181.67,,
DEBIT,12/02/2014,"Chase QuickPay Electronic Transfer 4303010010 to Willie Zeng",-26.20,QUICKPAY_DEBIT,197.20,,
DEBIT,12/01/2014,"Chase QuickPay Electronic Transfer 4297502577 to Willie Zeng",-521.67,QUICKPAY_DEBIT,223.40,,
DEBIT,12/01/2014,"VENMO 855-812-4430 NY                        11/29",-45.00,DEBIT_CARD,745.07,,
CREDIT,12/01/2014,"Chase QuickPay Electronic Transfer 4296524091 from GASAN ABDULAEV",200.00,QUICKPAY_CREDIT,790.07,,
DEBIT,11/28/2014,"ATM WITHDRAWAL                       008474  11/288418 BAY",-20.00,ATM,590.07,,
DEBIT,11/28/2014,"Online Transfer to  SAV ...3980 transaction#: 4241330321",-25.00,ACCT_XFER,610.07,,
DEBIT,11/28/2014,"GOOGLE *Exoware GOOGLE.COM/CH CA             11/28",-5.99,DEBIT_CARD,635.07,,
DEBIT,11/28/2014,"VENMO 855-812-4430 NY                        11/26",-9.00,DEBIT_CARD,641.06,,
CREDIT,11/28/2014,"Chase QuickPay Electronic Transfer 4267367023 from GASAN ABDULAEV",500.00,QUICKPAY_CREDIT,650.06,,
DEBIT,11/26/2014,"FAIRWAY BROOKLY 480-50 BROOKLYN NY   809173  11/26",-13.79,DEBIT_CARD,150.06,,
DEBIT,11/21/2014,"DOMINO'S 2921 636-947-4433 IL                11/21",-19.37,DEBIT_CARD,163.85,,
DEBIT,11/20/2014,"ORIGIN.COM EA 866-5435435 CA                 11/19",-65.31,DEBIT_CARD,183.22,,
DEBIT,11/20/2014,"GOOGLE *Vertumus GOOGLE.COM/CH CA            11/19",-0.99,DEBIT_CARD,248.53,,
DEBIT,11/19/2014,"SUBURBAN EXPRESS 217-3445500 IL              11/18",-70.15,DEBIT_CARD,249.52,,
DEBIT,11/19/2014,"T-MOBILE.COM*PAYMENT 800-937-8997 WA         11/19",-50.00,DEBIT_CARD,319.67,,
DEBIT,11/19/2014,"Amazon.com AMZN.COM/BILL WA                  11/19",-59.96,DEBIT_CARD,369.67,,
DEBIT,11/19/2014,"T-MOBILE.COM*ORDER 800-672-5390 WA           11/18",-878.14,DEBIT_CARD,429.63,,
DEBIT,11/18/2014,"PAYPAL           INST XFER  GRUBHUBFOOD     WEB ID: PAYPALSI77",-18.01,ACH_DEBIT,1307.77,,
DEBIT,11/18/2014,"PAYPAL           INST XFER  ORIGIN.COM      WEB ID: PAYPALSI77",-65.31,ACH_DEBIT,1325.78,,
DEBIT,11/18/2014,"Chase QuickPay Electronic Transfer 4271112108 to Willie Zeng",-7.50,QUICKPAY_DEBIT,1391.09,,
CREDIT,11/18/2014,"Chase QuickPay Electronic Transfer 4274442774 from ALEXANDER E HARN",12.63,QUICKPAY_CREDIT,1398.59,,
CREDIT,11/18/2014,"Chase QuickPay Electronic Transfer 4276561795 from GASAN ABDULAEV",200.00,QUICKPAY_CREDIT,1385.96,,
DEBIT,11/17/2014,"PAYPAL           INST XFER  BLIZZARD        WEB ID: PAYPALSI77",-16.34,ACH_DEBIT,1185.96,,
DEBIT,11/17/2014,"PP*Ajs Hand Crafted Gi 843-2670890 SC        11/14",-28.81,DEBIT_CARD,1202.30,,
DEBIT,11/17/2014,"Amazon.com AMZN.COM/BILL WA                  11/16",-23.11,DEBIT_CARD,1231.11,,
DEBIT,11/17/2014,"CHIPOTLE 0771 CHAMPAIGN IL                   11/14",-7.12,DEBIT_CARD,1254.22,,
DEBIT,11/17/2014,"GRUBHUB FOOD ORDER 877-585-7878 IL           11/14",-12.74,DEBIT_CARD,1261.34,,
CREDIT,11/17/2014,"Online Transfer from SAV ...3980 transaction#: 4274452526",40.00,ACCT_XFER,1274.08,,
DEBIT,11/14/2014,"JIMMY JOHN'S # 90003 E 217-3446200 IL        11/12",-17.25,DEBIT_CARD,1234.08,,
DEBIT,11/14/2014,"GRUBHUB FOOD ORDER 877-585-7878 IL           11/12",-12.74,DEBIT_CARD,1251.33,,
CREDIT,11/14/2014,"Chase QuickPay Electronic Transfer 4239251844 from GASAN ABDULAEV",500.00,QUICKPAY_CREDIT,1264.07,,
DEBIT,11/13/2014,"PAYPAL           INST XFER  HUMBLEBUNDL     WEB ID: PAYPALSI77",-12.00,ACH_DEBIT,764.07,,
DEBIT,11/12/2014,"JIMMY JOHN'S # 90003 E 217-3446200 IL        11/11",-11.50,DEBIT_CARD,776.07,,
CREDIT,11/12/2014,"Online Transfer from SAV ...3980 transaction#: 4262031018",50.00,ACCT_XFER,787.57,,
DEBIT,11/10/2014,"GOOGLE *Vertumus GOOGLE.COM/CH CA            11/07",-0.99,DEBIT_CARD,737.57,,
DEBIT,11/07/2014,"PAYPAL           INST XFER  OWNEDCORE       WEB ID: PAYPALSI77",-15.00,ACH_DEBIT,738.56,,
DEBIT,11/07/2014,"CHOP STIX CHAMPAIGN IL                       11/07",-14.93,DEBIT_CARD,753.56,,
CREDIT,11/06/2014,"Online Transfer from SAV ...3980 transaction#: 4254263918",50.00,ACCT_XFER,768.49,,
DEBIT,11/05/2014,"Amazon.com AMZN.COM/BILL WA                  11/05",-403.98,DEBIT_CARD,718.49,,
DEBIT,11/05/2014,"JIMMY JOHN'S # 90003 E 217-3446200 IL        11/04",-17.25,DEBIT_CARD,1122.47,,
CREDIT,11/05/2014,"Online Transfer from SAV ...3980 transaction#: 4250967287",200.00,ACCT_XFER,1139.72,,
DEBIT,11/03/2014,"OMNYEX ECOMMERCE IAT PAYPAL J222223GEG8XG   WEB ID: 770510487C",-42.97,ACH_DEBIT,939.72,,
DEBIT,11/03/2014,"JIMMY JOHN'S # 90003 E 217-3446200 IL        11/02",-19.55,DEBIT_CARD,982.69,,
DEBIT,11/03/2014,"Chase QuickPay Electronic Transfer 4244170628 to Willie Zeng",-13.33,QUICKPAY_DEBIT,1002.24,,
DEBIT,11/03/2014,"Chase QuickPay Electronic Transfer 4244163823 to Willie Zeng",-34.44,QUICKPAY_DEBIT,1015.57,,
